1884 2950
134 178 180 233 126
398 168 534 221 Lucum

132 304 251 353 Lustrales
260 302 325 351 bellis
335 302 427 357 animas,
438 301 576 362 flentemque
586 300 715 357 Camillum,

133 370 167 417 Et
179 368 274 427 Curios;
292 369 378 416 Sullam
389 368 417 414 de
428 374 458 423 te,
470 367 580 422 Fortuna,
592 376 730 428 querentem.

96 456 98 461 ·
132 434 246 499 Deplorat
257 434 350 495 Libycis
360 434 486 495 periturum
497 432 573 494 Scipio
583 434 649 479 terris

133 498 260 548 Infaustam
272 500 372 546 subolem
379 516 388 543 :·
404 499 477 559 major
489 496 636 558 Kmtbngims
646 498 724 553 bostis,

133 565 190 612 Non
202 565 305 613 servituri
316 569 397 610 moeret
409 561 468 610 Cato
478 562 525 607 lata
535 563 631 623 nepotis.
746 564 799 611 ’790

134 630 214 677 Solum
225 637 255 685 te,
267 629 353 684 consul
364 628 467 688 depulsis,
479 628 557 687 prime,
568 628 677 687 tyrannis,

134 694 214 750 Brute,
225 696 274 756 pias
284 695 344 739 inter
354 693 490 754 gaudentem
500 692 598 738 vidimus
608 693 704 739 umbras.

134 760 245 821 Abruptis
257 756 356 805 Catilina
365 758 448 811 minax,
458 756 580 816 stantiaque
590 757 676 803 catenis

135 823 251 878 Exsultat,
263 822 376 881 Mariique
386 828 468 875 truces,
479 822 578 881 nudique
589 818 694 883 Cethegi.

136 887 191 935 Vidi
202 904 246 950 ego
256 888 368 940 letantes,
378 886 493 947 popularia
503 886 600 938 nomina,
613 884 718 943 Drusos;

136 951 238 1015 Legibus
248 952 380 1005 inmodicos,
392 966 504 1011 ausosque
513 951 614 1011 ingentia
625 951 749 1008 Gracchos.

135 1018 240 1066 AEternis
251 1014 377 1076 Chalybum
388 1016 460 1069 nodis,
471 1026 496 1061 et
505 1030 595 1061 narnate
605 1014 669 1063 Ditis

138 1081 275 1132 Constrictae
285 1078 387 1143 plausere
397 1095 478 1126 manus
484 1098 492 1138 ς
509 1090 644 1141 omnposque
656 1081 744 1143 piorum

138 1146 217 1194 Poscit
227 1148 291 1193 turba
301 1162 398 1193 nocens:
418 1146 483 1207 regni
492 1160 609 1205 possessor
618 1146 697 1192 inertis

138 1210 254 1260 Pallentes
264 1212 335 1273 aperit
345 1211 415 1264 sedes,
427 1210 563 1271 abruptaque
573 1224 628 1256 saxa
751 1216 801 1259 800

138 1277 244 1339 Asperat,
256 1283 279 1323 et
288 1276 369 1323 durum
375 1275 455 1321 vinclis
465 1276 590 1328 mmmm
600 1281 708 1336 paratque

3 1330 4 1393 i
90 1332 92 1337 ’
116 1340 236 1395 ,Poenam
246 1341 334 1387 victori.
366 1339 437 1386 Refer
447 1339 669 1394 baecmletiatecum,

138 1404 161 1453 Ο
167 1406 266 1469 juvenis,
276 1406 363 1466 placido
375 1404 464 1459 Manes,
475 1411 612 1465 patremque,
624 1404 766 1467 domumque,

137 1470 279 1533 Exspectare
292 1470 349 1525 sinu,
360 1469 468 1530 regnique
479 1470 502 1514 in
513 1477 576 1530 parte
586 1466 666 1516 sereni

97 1565 105 1598 κ,
138 1535 249 1597 Pompeio
257 1549 346 1581 servare
355 1534 444 1580 locum=
463 1534 672 1596 necgloriapatvre

139 1600 250 1650 Sollicitet
259 1600 327 1646 vitae:
346 1599 428 1652 veniet,
439 1613 491 1659 quae
500 1600 593 1645 mimeat
602 1613 682 1646 omnes

139 1649 209 1712 liora
219 1661 297 1710 ddces:
316 1669 433 1725 properate
443 1665 508 1716 morl,
518 1678 646 1724 magnoque
656 1665 752 1725 superbi,

140 1730 252 1786 Quamvis
264 1724 277 1774 ὲ
287 1730 368 1789 parvis,
379 1728 454 1774 animo
464 1727 599 1781 descendite,
608 1729 686 1784 bustis,

140 1793 175 1844 Et
185 1792 340 1840 Romanorum
351 1807 429 1838 manes
439 1792 524 1838 calcate
533 1791 646 1840 Deorum·

142 1859 218 1914 Quem
228 1857 340 1905 tumulum
348 1857 403 1911 Nili,
411 1871 478 1917 quem
484 1855 582 1903 'libridis
592 1857 669 1904 adluat
678 1859 744 1913 unde,
752 1862 802 1907 810

141 1923 265 1978 Qpaeritur,
276 1929 300 1969 et
309 1922 401 1969 ducibus
411 1928 500 1968 tantum
510 1921 539 1967 de
544 1920 624 1968 timere
632 1937 711 1984 pugna
721 1931 763 1971 est

141 1987 180 2035 Tu
190 1987 262 2036 fuum
274 2002 304 2034 ne
313 2001 392 2048 quaere
403 1994 468 2034 tuum
479 2001 629 2047 cognoscere:
649 1985 736 2044 Parce,

141 2053 185 2100 Me
195 2053 310 2107 reticente,
321 2053 417 2098 debunt:
436 2051 477 2098 tibi
487 2052 569 2098 certior
578 2053 656 2099 omnis
664 2059 736 2108 vates,

141 2117 197 2180 Ipsi
207 2123 274 2166 canet
285 2117 367 2166 Siculis
380 2117 471 2178 genitor
482 2113 605 2177 Pompeius
615 2117 639 2162 in
650 2117 725 2174 arvls3

143 2181 188 2229 Ille
198 2197 289 2244 quoquc
299 2183 405 2236 incertus,
416 2178 462 2242 qud
472 2187 576 2235 tevocet,
586 2182 647 2230 unde
656 2182 756 2244 repellat,

143 2247 209 2302 Ques
215 2247 294 2310 jubeat
304 2247 376 2292 vitare
386 2246 471 2308 plagas,
488 2256 540 2306 quse
553 2246 627 2293 sidera
635 2247 721 2294 mundi.

143 2311 260 2374 Euiopam
271 2312 354 2366 miseri,
366 2310 515 2372 Libyamque,
526 2311 651 2372 Asiamque
660 2312 750 2360 timae:

143 2376 267 2424 Distribuit
276 2377 377 2424 tumulos
387 2377 468 2424 vestris
480 2375 582 2423 Portum
591 2377 717 2440 triumphis.

143 2440 167 2488 0
177 2441 305 2488 miserenda
314 2442 401 2496 domus,
412 2448 462 2489 toto
472 2442 529 2488 nibil
538 2443 592 2488 orbe
600 2442 687 2488 videbis

143 2505 229 2552 Tutius
239 2505 352 2553 Emathii.
385 2507 424 2554 Sic
435 2514 554 2569 postquam
563 2505 612 2553 fata
620 2506 710 2570 peregit
756 2511 807 2560 820

145 2571 198 2618 Stat
206 2571 272 2618 vultu
283 2578 378 2618 moestus
388 2573 463 2628 tacito,
474 2579 616 2633 mortemque
626 2573 731 2635 reposcit

60 2639 64 2644 “
146 2634 289 2685 Carminibus
300 2637 394 2698 magicis
404 2652 462 2699 opus
472 2644 515 2693 est,
525 2637 651 2699 herbisque,
662 2637 759 2685 cadara

147 2701 183 2751 Ut
191 2701 273 2761 esdat;
284 2707 309 2749 et
318 2709 433 2763 nequeunt
443 2703 541 2752 mimam
552 2703 594 2752 sibi
603 2702 696 2752 reddere
704 2701 758 2762 fata,
