1884 2950
176 137 211 183 56
441 129 577 185 Lucam

178 262 257 310 Sensit
268 268 291 308 et
301 260 350 322 ipse
360 267 445 306 metum
457 261 575 323 Magnum
587 263 714 327 placuitque
725 259 803 318 referri

177 327 255 389 Signa,
268 342 310 373 nec
321 327 344 372 in
355 333 425 372 tantae
436 327 564 373 discrimina
573 329 664 377 mittere
672 346 764 395 pugnae,
835 327 840 345 ³

174 391 228 442 Jam
239 389 623 448 victumiaminonvisicaesaris
635 409 725 457 agmen.
790 406 845 448 600
928 444 929 457 ,

176 456 261 504 Pulsus
272 462 298 502 ut
309 457 415 502 armentis
426 457 499 516 primo
509 459 632 504 certamine
641 466 720 509 taurus

176 521 289 570 Silvarum
301 527 387 567 secreta
396 521 458 581 petit,
470 535 599 582 vacuosque
609 537 649 584 per
659 539 728 587 agros

174 585 252 635 Exsul
262 587 285 631 in
296 585 395 632 adversis
405 585 508 646 explorat
518 601 604 633 cornua
611 591 713 648 truncis;

175 651 228 709 Nec
239 651 296 696 redit
306 651 330 695 in
342 657 424 710 pastus,
436 650 480 695 nisi
491 664 543 695 cum
554 653 642 699 cervice
652 654 742 718 recepti

174 715 274 764 Excussi
284 711 388 775 placuere
398 715 455 759 tori:
475 729 530 760 mox
540 716 626 762 reddita
635 717 709 766 victor
754 731 762 767 .’
822 726 827 734 ’

176 780 243 834 Quos
252 779 307 828 libet
318 780 341 824 in
353 779 422 824 saltus
432 780 590 826 comitantrltus
602 783 693 843 agmina
703 787 773 833 muris

176 842 254 890 Invito
265 849 354 904 pastore
365 844 449 889 trahit:
469 845 503 890 sic
512 844 597 891 viribus
607 847 672 908 inpar

174 907 280 956 Tradidit
291 907 432 970 Hesperiam,
444 909 598 972 profugusque
608 926 648 972 per
658 911 736 974 Apula
745 931 798 963 rura

174 971 292 1022 Brundisii
302 979 363 1018 tutas
373 974 504 1018 conscendit
515 973 618 1035 Magnus
628 976 651 1021 in
663 992 733 1025 arces.

209 1037 271 1084 Urbs
281 1045 317 1084 est
327 1036 425 1084 Dictaeis
436 1037 490 1084 olim
500 1053 604 1116 possessa
614 1040 707 1095 colonis,
789 1048 844 1093 olo

174 1101 241 1157 Quos
253 1100 323 1150 Creti
333 1101 441 1164 profugos
452 1117 536 1149 vexere
546 1119 586 1164 per
596 1117 688 1165 aequora
697 1121 783 1169 puppes

174 1165 299 1228 Ceoropiaa
310 1167 395 1212 victum
407 1167 507 1213 mentitis
518 1166 608 1215 inem
617 1170 680 1217 velis.

173 1230 244 1280 Hanc
255 1232 314 1278 latus
324 1237 446 1293 angustum
453 1233 502 1294 jam
513 1247 538 1278 se
548 1235 651 1294 cogentis
660 1235 684 1281 in
695 1242 769 1283 mum

173 1295 301 1358 Hesperiae,
313 1304 404 1343 tenuem
415 1297 518 1357 producit
527 1297 551 1342 in
563 1312 654 1357 aequora
663 1299 771 1362 linguam,

175 1360 302 1414 Hadriacas
312 1360 378 1407 flexis
389 1361 473 1406 claudit
482 1376 533 1422 quae
544 1364 649 1410 cornibus
659 1365 737 1411 undas.

173 1425 227 1475 Nec
239 1432 314 1473 umen
325 1426 368 1473 hoc
379 1426 433 1473 artis
443 1426 560 1473 inmissum
571 1426 672 1475 fauoltus
683 1444 761 1491 aequor
808 1464 811 1469 ι

176 1491 260 1539 Portus
272 1497 325 1545 erat,
337 1492 356 1537 si
369 1506 414 1539 non
425 1492 537 1538 violentos
547 1493 621 1539 insuh
634 1492 708 1541 Coros

172 1555 298 1617 Exciperet
309 1556 375 1609 saxis,
386 1556 500 1615 laesasque
511 1555 640 1604 refunderet
650 1560 729 1606 undas.

174 1619 239 1667 Hinc
249 1620 310 1667 illinc
321 1626 410 1666 montes
421 1621 546 1681 scopulosae
557 1623 618 1683 rupis
628 1630 708 1684 aperto

132 1706 135 1711 Δ
172 1684 286 1747 Opposuit
297 1692 377 1731 natura
388 1686 450 1739 mari,
462 1684 573 1745 flatusque
583 1690 687 1743 removit,
787 1694 840 1738 620

174 1749 210 1798 Ut
220 1750 317 1795 tremulo
328 1756 413 1796 starent
424 1756 538 1795 contentae
548 1750 603 1797 fune
613 1753 703 1799 carinas.

173 1808 238 1863 Hinc
249 1812 295 1861 late
306 1820 368 1875 patet
378 1828 446 1859 omne
455 1812 545 1868 trenam,
557 1830 597 1862 seu
607 1817 772 1865 reinserantur

172 1879 202 1927 In
213 1885 297 1941 portus,
310 1877 418 1939 Corcyra,
429 1882 488 1932 tuos,
500 1894 540 1925 seu
551 1879 609 1927 laeva
618 1888 709 1942 petatur

172 1943 250 2005 Illyris
263 1942 339 1990 Idnias
349 1958 447 2005 vergens
458 1943 600 2004 Epidamnos
609 1946 634 1991 iu
645 1947 729 1993 undas.¹

173 2008 230 2057 Huc
242 2007 298 2071 iuga
308 2015 433 2062 nautarum,
445 2022 497 2054 cum
508 2015 569 2055 totas
580 2009 669 2057 Hadria
677 2012 739 2060 vires

171 2072 257 2128 Movit,
269 2080 292 2120 et
303 2074 326 2119 in
338 2074 407 2119 nubes
418 2069 493 2119 abiere
505 2072 624 2129 Ceraunia,
635 2090 733 2137 cumque

174 2138 287 2200 Spumoso
299 2136 395 2187 Calaber
404 2136 545 2198 penarum
556 2136 652 2200 aequore
659 2141 739 2187 Sason.

172 2202 240 2264 Ergo
250 2204 288 2249 ubi
299 2202 360 2249 nulla
370 2201 425 2249 fides
435 2204 501 2249 rebus
511 2210 564 2275 post
573 2210 639 2266 terga
649 2205 740 2258 relictis,

173 2267 226 2316 Nec
237 2268 290 2314 licet
301 2267 329 2315 ad
343 2268 411 2313 duros
423 2266 524 2314 Martem
536 2276 669 2316 convertere
680 2268 787 2325 Hiberos,

173 2331 235 2381 Cum
246 2332 327 2378 mediae
332 2332 425 2393 jaceant
434 2332 543 2380 inmensis
553 2335 661 2381 tractibus
671 2334 755 2395 Alpes5
788 2338 839 2383 630

172 2395 241 2445 Tunc
252 2396 329 2443 subole
340 2393 353 2443 ὲ
364 2395 428 2443 tanti
438 2405 523 2452 natum,
535 2398 572 2445 cui
582 2397 667 2445 firmior
677 2405 740 2454 actas,

173 2458 286 2509 Adiaturz
296 2459 390 2507 ¹Mundi
397 2462 466 2523 jubeo
477 2468 565 2510 tentare
575 2478 684 2511 recessus.

173 2525 315 2587 Euphraten,
325 2523 452 2587 Nilumque
461 2542 535 2582 move,
546 2525 592 2589 qud
603 2529 702 2575 nominis
712 2542 783 2588 usque

172 2590 255 2641 Nostri
265 2588 327 2643 iamt
336 2592 406 2647 venit,
417 2606 475 2652 quas
483 2598 520 2638 est
529 2591 623 2654 sufflata
632 2609 673 2655 per
682 2592 749 2639 urbes

174 2653 464 2706 milassensium:
479 2657 775 2721 rperrosperrurecoloaos
