1884 2950
281 101 492 158 PHARBALIAE
505 99 559 156 Lm.
571 107 606 155 ll.

116 239 202 290 Redde
211 237 270 300 meri
282 235 378 288 cilicas:
398 237 494 286 Plrarios
504 238 558 284 hino
567 244 664 284 mocute
673 253 744 301 reges,

116 306 284 368 Tigranenque
294 319 383 352 meum:
403 318 445 349 neo
457 301 581 349 Pharnacis
590 319 652 350 arma
663 305 782 367 relinquas,

118 371 252 429 Adanoueo,
265 385 306 415 neo
317 377 343 416 tu
352 369 448 430 populos
459 366 554 428 utrique
564 376 674 429 vagantes

116 433 240 489 Armenid,
253 433 365 494 Pontique
374 434 434 479 feras
443 446 485 494 per
493 433 561 478 litora
568 440 658 494 gentes,

118 499 276 561 Rhipaeasque
282 515 369 554 manus,
376 505 399 544 et
406 513 461 559 quas
472 505 534 543 tenet
545 513 635 558 aequore
646 499 717 546 denso
733 505 784 550 640

112 564 195 626 Pigra
206 565 271 626 pslus
283 564 384 624 Scythici
394 563 482 625 patiens
492 561 602 610 Maeotioa
612 563 712 623 plaustri,
774 591 778 600 ·

112 629 171 676 :sed
181 629 237 690 quid
247 629 311 689 plura
320 627 414 674 moror?
431 634 494 673 totos
503 641 561 681 mes,
572 635 630 680 note,
642 644 682 689 per
692 638 757 679 ortus

120 693 190 740 Bella
202 709 269 747 seres,
281 701 375 754 totoque
384 693 450 738 urbes
461 693 557 752 agitabis
567 693 590 737 in
602 694 656 739 orbe

122 757 283 805 Perdomitas:
302 773 382 804 ornnes
392 758 485 803 redeunt
496 757 519 801 in
530 763 604 802 eastra
613 758 727 822 triumphi.

120 823 158 870 Et
168 837 218 878 voa,
229 824 267 882 qui
280 821 348 869 Latio
359 823 453 884 signatis
464 821 556 866 nomine
565 820 643 876 fastos,

123 887 217 934 Primus
228 889 252 932 iu
264 887 360 947 Epirum
372 887 459 932 Boreas
470 893 536 946 aget3
554 886 607 932 inde
615 901 657 947 per
666 903 722 936 arvo

123 952 249 999 Graiorum
262 951 426 1010 Macetumque
436 965 507 995 novas
518 950 629 1009 adquirite
638 953 705 1007 vires,

123 1015 192 1064 Dum
203 1017 253 1077 paci
264 1015 302 1061 dat
313 1023 402 1076 tempus
412 1015 491 1059 hiems,
515 1013 553 1059 sie
563 1013 635 1072 fatur3
649 1024 673 1062 et
683 1033 764 1068 omues
778 1008 781 1019 ¹

122 1080 296 1141 Jusssjgerunt,
308 1079 442 1139 solvuntque
453 1092 520 1124 caras
530 1075 544 1123 l
553 1078 619 1124 litore
629 1095 721 1143 puppes,

123 1145 161 1192 At
172 1159 295 1206 numquam
306 1145 394 1205 patiens
404 1143 472 1204 pacis,
483 1143 605 1203 longeque
614 1146 697 1203 quietis
737 1155 788 1200 650

123 1209 259 1262 Armorum,
270 1224 300 1254 ne
309 1209 363 1268 quid
372 1208 425 1254 satis
436 1211 524 1253 mutare
533 1207 617 1262 liceret,

125 1275 274 1334 Adsequitur,
286 1273 408 1332 generique
418 1272 500 1332 premit
509 1272 607 1334 vestigia
618 1270 704 1322 Cesar.

122 1337 269 1389 Snbfieerent
278 1337 328 1384 aliis
338 1337 411 1398 primo
421 1343 456 1382 tot
466 1337 551 1383 moenis
561 1350 628 1382 cursu

125 1401 211 1464 Rapta,
223 1408 258 1449 tot
269 1402 381 1463 obpressos
392 1401 490 1462 depulsis
500 1401 602 1447 hosnlsus
611 1416 688 1450 arces:
753 1425 757 1434 ·

125 1467 262 1531 Ipseoput
272 1465 356 1521 mundi,
368 1465 477 1512 bellorum
488 1465 587 1512 maxima
597 1482 690 1525 meroes,

125 1534 206 1580 Roma
216 1533 265 1593 oapi
276 1531 354 1578 facilis
379 1530 425 1577 Sed
437 1529 523 1586 Caesar,
534 1531 558 1576 in
569 1532 644 1579 omnia
654 1549 762 1600 presepe,
791 1531 803 1589 9

127 1597 173 1645 Nil
183 1604 258 1655 actum
269 1596 369 1648 credens,
380 1610 432 1642 cum
443 1596 497 1655 quid
507 1602 634 1656 superesset
645 1602 764 1660 agendum,
793 1590 805 1655 ἦ

128 1661 206 1709 Instat
215 1670 296 1718 atrox;
313 1668 336 1706 et
347 1660 425 1714 adhue,
437 1661 540 1719 quamvis
549 1661 673 1720 possederit
684 1680 775 1715 omnem

127 1726 228 1781 Italiam,
239 1733 342 1772 extremo
353 1726 429 1771 sedeat
439 1726 500 1785 quod
509 1721 575 1771 litore
586 1724 695 1787 Magnus,

130 1790 284 1840 Communem
290 1798 366 1837 tumen
373 1805 423 1835 esse
429 1790 503 1845 dolet3
515 1802 728 1854 necrursosaperto
745 1801 797 1845 σεο

128 1854 190 1902 Vult
199 1856 277 1903 hostes
287 1869 362 1903 errare
371 1854 436 1906 freto,
448 1855 487 1900 sed
498 1854 594 1900 molibus
604 1856 676 1903 undas

128 1920 242 1974 obstruit,
253 1926 277 1965 et
286 1919 357 1965 laum
369 1919 460 1979 dejectis
470 1919 562 1979 rupdsus
572 1934 656 1979 aequor.

131 1984 202 2034 Cedit
211 1985 235 2030 in
247 1984 373 2030 iumentum
385 1998 460 2029 cassus
470 1984 546 2029 lobor:
566 1985 642 2030 osonio
652 1994 736 2047 pontus

130 2048 220 2098 Haurit
226 2064 285 2105 saxa
294 2062 371 2102 vorax,
383 2056 517 2108 montesque
526 2048 631 2094 inmiscet
640 2050 742 2114 bmeois:
762 2055 766 2066 “

132 2112 170 2160 Ut
180 2114 249 2159 maris
259 2112 337 2175 AEgaei
348 2114 433 2159 medias
444 2114 463 2159 si
474 2112 548 2159 celsus
558 2114 582 2157 in
593 2114 665 2159 undas
780 2106 782 2110 ’

129 2174 270 2239 unellatur
280 2177 352 2237 Eryx,
364 2178 432 2224 nullae
443 2184 519 2224 tamen
531 2191 621 2237 aequore
631 2192 699 2240 rupes

130 2242 272 2298 Eminesnt3
280 2242 327 2301 ‘vel
338 2242 364 2295 si,
375 2243 485 2288 convulso
494 2242 587 2296 vertice,
599 2242 692 2290 Gaurus
782 2252 785 2261 “

132 2306 236 2355 Decidat
246 2307 269 2352 in
279 2304 374 2353 fundum
385 2308 475 2367 penitus
485 2306 613 2367 stagnantis
624 2307 720 2356 Averni.
758 2320 761 2323 ’

133 2372 202 2433 Ergo
213 2371 250 2417 ubi
261 2371 323 2417 nulla
333 2372 391 2418 rado
402 2372 476 2417 tenuit
486 2384 526 2417 sua
536 2371 636 2431 pondera
645 2373 725 2430 moles¹
782 2375 785 2401 ³

131 2435 202 2485 'Ilmc
212 2435 296 2499 placuit
306 2437 371 2483 cresis
381 2436 497 2483 innectere
506 2435 598 2481 vincula
607 2436 677 2492 silvis,
741 2442 799 2502 '670

133 2500 273 2561 Roboraque
283 2501 392 2547 inmensis
402 2496 447 2545 late
458 2499 555 2560 religare
565 2501 657 2547 eatenis.

123 2564 205 2613 ,Tales
213 2563 276 2611 furna
286 2564 347 2613 canit
357 2562 467 2611 tumidum
480 2578 546 2623 super
555 2578 648 2623 aequora
659 2562 753 2613 xerxes
782 2620 786 2624 ,

136 2628 474 2690 Constrmrisseqiaemultum
484 2640 537 2674 curn
546 2628 653 2688 pontibus
662 2644 738 2683 susus,
757 2642 788 2666 «ι
820 2663 822 2666 .

592 2705 607 2736 s
