1884 2950
78 2866 95 2894 k

108 117 116 133 ⁴
156 164 204 207 uu
414 155 550 208 nucum

155 286 239 335 Infelix
249 288 323 335 soies=
343 287 425 335 oornds
435 287 474 335 tibi
483 304 537 335 curs
546 288 637 345 sinistri,

155 352 261 413 Lentule,
272 368 323 400 oum
334 351 412 415 primi,
423 368 476 413 quse
485 350 597 405 tuno'fuit
605 355 691 416 optime
699 356 767 410 bello,

154 416 188 464 Et
198 417 278 479 quurtd
287 419 384 480 legione,
396 419 475 465 dstur:
493 419 534 464 tibi
545 420 636 468 numine
646 436 739 482 pugnax

154 482 265 538 Adverso,
277 483 373 537 Domiti,
384 483 456 529 dextri
464 483 529 529 frons
539 484 623 531 trsdits
631 484 730 533 Mortis:
766 490 817 534 220

154 546 188 595 At
199 548 266 595 medii
276 549 343 595 robur
353 548 404 594 belli
414 547 536 595 fortissimo
545 549 643 596 densant

155 612 263 675 Agmina,
274 628 332 673 quse,
346 611 442 660 Cilicum
454 613 519 659 terris
530 612 632 668 deducta,
643 614 735 661 tenebat

155 678 238 739 Scipio,
249 678 313 724 miles
324 679 347 723 in
358 678 408 731 hoc,
419 676 507 737 Libyco
517 678 564 723 dux
574 678 660 740 primns
669 680 765 727 ist-orbe.
811 680 815 683 ’

155 741 262 805 Atjuxts
269 741 357 797 fluvios,
370 749 393 787 et
404 749 485 803 stngns
496 742 600 789 undantis
611 743 701 805 Enipei,

155 804 313 869 Cappadocum
321 812 429 853 montona
438 806 526 861 cohors,
537 814 560 853 et
569 807 647 869 largos
656 806 751 856 hsbedae

156 868 265 917 Ponticus
270 872 316 917 ibat
324 884 402 936 eques:
421 870 477 916 sicci
486 871 526 917 sed
535 872 632 932 plurima
640 874 713 935 compi

154 934 285 981 Tetrarchae
295 950 404 997 regesque
414 942 499 989 tenent,
510 936 631 997 magnique
641 937 738 998 tyranni,

154 998 232 1060 Atque
242 1000 321 1054 omnis,
334 999 403 1046 Latio
413 1014 464 1059 quae
475 1000 551 1054 servit,
562 1015 666 1063 purpura,
676 1000 744 1049 ferro.

155 1062 214 1110 Illuc
225 1071 248 1111 et
259 1063 333 1125 Libye
344 1064 461 1117 Numidas,
474 1071 498 1110 et
509 1062 579 1111 Creta
589 1064 697 1126 Cydonas

154 1128 235 1175 Misit:
254 1127 345 1176 Ituraeis
356 1144 434 1175 cursus
444 1128 488 1173 fuit
496 1128 550 1177 inde
560 1130 663 1191 sagittis:
764 1134 814 1177 wo

154 1191 218 1249 Inde,
230 1200 304 1241 truces
316 1192 385 1249 Galli,
396 1193 487 1240 solitum
498 1194 605 1253 prodistis
615 1195 639 1240 in
649 1196 750 1243 bostem:

154 1254 205 1305 lilio
216 1273 330 1321 pugnaces
338 1258 460 1305 commovit
471 1256 566 1305 Hiberia
576 1265 655 1305 tetrus.

154 1320 316 1384 Eripeviotori
326 1331 412 1385 gentes,
424 1329 447 1368 et
457 1322 568 1384 sunguine
577 1324 656 1369 mundi

154 1385 224 1442 Fuso,
236 1387 331 1450 Magne,
342 1388 419 1442 semel,
430 1392 491 1433 totos
501 1384 609 1434 consume
619 1388 751 1449 trimnphos.

186 1449 231 1499 Illo
241 1451 300 1500 iorte
310 1453 346 1500 die
358 1448 442 1508 Caessr,
454 1452 550 1500 oudone
560 1450 643 1507 relicti,
702 1486 705 1496 .

154 1515 194 1564 Ad
204 1525 307 1578 segetum
318 1524 396 1579 raptus
405 1523 507 1564 moturus
517 1518 589 1579 signo,
600 1523 693 1580 repente

155 1577 279 1642 Conspicit,
291 1583 314 1627 in
325 1582 404 1644 plsnos
414 1583 502 1629 hostem
513 1581 648 1629 descendere
657 1589 764 1644 cumpos3

154 1643 306 1708 Oblatumque
316 1646 384 1702 videt,
395 1647 455 1694 votis
465 1647 507 1709 sibi
517 1647 580 1693 mille
589 1647 693 1708 petitum,

153 1709 261 1772 Tempus,
273 1713 296 1758 in
308 1718 420 1758 extremos
431 1727 476 1773 quo
483 1712 583 1758 mitteret
592 1712 669 1758 omnin
678 1725 751 1758 ossus.

153 1774 229 1838 AEger
239 1778 321 1840 quippe
334 1791 411 1831 morae,
421 1775 566 1840 flagransque
575 1777 680 1838 cupidine
689 1776 812 1840 regni240

154 1833 263 1903 Coeperat
273 1843 356 1904 exiguo
366 1847 439 1888 tractu
450 1841 525 1888 civilio
533 1839 601 1897 belis,
722 1892 726 1902 ¹
787 1890 792 1901 ,

155 1903 191 1954 Ut
200 1907 293 1962 lentum,
305 1908 417 1962 damnare,
428 1906 505 1953 nesssz
524 1906 653 1952 discrimino
662 1912 781 1968 postquem

153 1969 286 2019 Adventare
297 1972 386 2026 ducum,
397 1985 546 2034 supremoque
554 1971 635 2033 proelis
643 1971 709 2026 vidit,
743 2009 746 2014 .

155 2033 264 2086 Cusursm
275 2036 327 2084 latis
338 2037 408 2084 sensit
418 2043 498 2084 nutare
507 2036 603 2083 nsinsm.

153 2097 199 2148 Illo
208 2116 297 2163 quoque
307 2102 331 2148 in
341 2101 425 2148 fernim
436 2101 508 2148 rabies
517 2100 675 2164 prontissimo,
685 2098 786 2162 peulluns

153 2162 262 2227 Lsngnit,
274 2173 298 2214 et
308 2181 373 2214 ossus
384 2167 457 2216 nudsx
468 2166 578 2228 spondm
588 2165 709 2220 semmdos,

152 2226 225 2276 Mens
236 2232 298 2280 stetit
307 2231 332 2278 in
343 2231 416 2287 dubio,
427 2245 494 2294 quum
505 2246 548 2278 nee
558 2245 599 2278 suo
607 2229 655 2278 fus
664 2230 750 2285 timere,
773 2227 777 2232 ’

153 2292 205 2340 Nec
217 2293 300 2356 Magni
311 2311 401 2357 spersre
412 2297 502 2343 sinunt:
520 2295 640 2342 formidine
649 2309 729 2350 merss,

154 2355 248 2405 Prosilit
258 2359 368 2408 hortando
378 2361 458 2408 melior
465 2360 549 2408 iducis
558 2361 637 2422 vulgo.
710 2359 714 2363 ’

186 2420 208 2467 0
220 2422 317 2470 domitor
327 2426 411 2482 mundi,
422 2439 497 2472 rerum
507 2425 598 2472 fortune
608 2423 717 2479 mesmm,
741 2449 744 2457 ·
767 2423 816 2470 250

153 2482 231 2539 Miles,
242 2486 306 2534 adest
315 2490 383 2536 toties
394 2496 478 2552 optstae
488 2490 552 2551 copis
561 2503 653 2554 pugnae.
807 2547 812 2552 ⁷

153 2545 197 2594 Nil
208 2563 265 2609 opus
275 2558 310 2597 est
320 2549 394 2600 vbtis:
408 2556 457 2617 jsm
467 2553 539 2600 istum
551 2554 657 2600 arcessite
666 2552 735 2599 ferro.

154 2608 186 2657 In
195 2613 298 2660 monibus
307 2619 396 2672 vestris,
407 2625 504 2678 quantus
514 2617 544 2664 sit
555 2616 641 2672 Cum,
653 2617 745 2664 bebetis.

157 2673 774 2746 Hmutilltdiesmihiqusuliubioonissduodas
