1884 2950
109 121 144 168 54
280 165 282 170 ,
324 127 326 130 ·
362 111 506 173 ,Lucum
553 131 556 137 ·

114 246 197 308 Fregit
206 246 269 306 aquis
280 245 360 300 radios,
377 253 400 292 et
410 246 466 292 liber
476 245 570 292 nubibus
576 245 657 300 aether,
691 264 696 272 ·
766 267 774 272 ·

115 311 149 358 Et
159 312 233 372 posito
244 309 325 366 bores,
336 326 458 373 pacemque
469 311 596 356 tenentibus
607 310 708 366 Austris,

116 377 235 424 Servatum
245 377 380 439 bellojacuit
390 391 467 432 mure3
485 376 557 421 movit
567 376 595 422 ab
605 377 668 423 omui

116 441 219 502 Quisque
230 456 292 488 suam
304 442 400 488 statione
410 448 488 494 ratem,
504 441 638 502 paribusque
647 440 738 489 lacertis

117 504 216 553 Caeearis
226 507 278 552 binc
289 521 380 567 puppes,
397 507 450 552 hinc
463 506 534 552 Graio
545 507 631 567 remige
641 505 718 552 classis

115 569 223 618 Tollitur:
243 571 338 632 inpulsae
348 572 420 616 tonsis
431 566 544 616 tremuEre
555 571 645 625 carium,

118 632 248 696 Crebraque
258 636 364 682 sublimes
374 635 504 682 convellunt
515 635 608 681 verbera
618 649 711 697 puppes.

117 691 211 748 Cornua
223 699 334 748 Romanae
344 701 428 754 classis,
445 699 570 758 validaeque
581 700 689 753 triremes,

117 765 229 828 erasqua
237 774 315 825 quater
326 780 421 827 surgens
431 764 540 810 exstructi
550 765 642 826 remigis
653 765 709 811 ordo
733 767 784 816 5³0

118 827 261 884 Commouet,
278 837 302 876 et
311 831 386 891 plures
397 845 447 890 quae
458 835 565 890 mergunt
574 844 666 889 aequore
676 830 749 891 pinus,

116 893 257 955 Multiplices
268 891 360 944 duxere
370 902 442 941 rates:
457 895 500 940 boc
508 895 575 938 robur
585 901 664 954 aperto

117 959 139 1006 0
184 959 251 1005 situm
262 960 358 1021 pelago:
376 957 454 1006 lunatt
463 958 539 1004 fronte
549 959 663 1013 recedunt,
752 989 755 994 -

118 1024 153 1072 Or
167 1039 205 1070 me
215 1031 328 1073 contentae
339 1025 431 1086 gemino
440 1022 546 1076 crevisse.
562 1023 663 1071 liburnae.

119 1087 243 1146 celsior-at
253 1089 339 1136 cunctis
351 1089 416 1136 Bruti
427 1088 533 1151 praetoria
542 1089 623 1149 puppis
680 1094 682 1099 '

119 1153 256 1202 Verberibus
267 1155 327 1208 senis
338 1155 418 1215 agitur,
436 1153 563 1212 molemque
574 1152 687 1212 profundo

118 1217 216 1274 lucebit,
234 1226 258 1265 et
267 1219 360 1269 summis
370 1215 440 1279 longe
448 1218 506 1279 petit
515 1231 606 1276 aequora
616 1219 690 1266 remis.
716 1193 734 1284 Ι
741 1176 782 1276 ς

153 1283 187 1331 Ut
203 1291 290 1330 tautum
299 1285 365 1330 medii
375 1283 449 1330 fuerat
459 1282 534 1335 maris,
551 1288 646 1341 utraque
656 1282 733 1331 classis

120 1348 189 1404 Quod
200 1349 270 1396 semel
280 1348 380 1396 excussis
390 1354 466 1409 posset
477 1353 629 1393 transcurrere
639 1347 717 1402 tonsis,
768 1370 771 1379 =

120 1412 248 1460 Innumerae
259 1419 323 1460 vasto
334 1413 456 1458 miscentur
466 1412 489 1457 in
501 1412 585 1463 aetirere
595 1426 679 1468 voces3
733 1413 783 1459 540

118 1478 289 1538 Remorumque
300 1494 368 1525 sonus
377 1478 486 1539 premitur
496 1476 604 1533 clamore3
614 1492 663 1524 mec
674 1477 727 1525 ulle

119 1543 201 1589 Audiri
212 1550 304 1605 potuere
314 1544 388 1589 tubae:
407 1550 456 1588 tum
467 1541 550 1592 caerula
560 1549 658 1596 verrunt,
764 1584 768 1593 ,

119 1607 197 1668 Atque
208 1608 439 1661 intranstracaduut,
457 1614 481 1653 et
491 1606 557 1652 remis
566 1614 659 1667 pectora
667 1606 769 1671 pulsant

120 1672 156 1719 Ut
166 1669 262 1733 primum
273 1673 351 1719 rostris
361 1678 495 1734 crepuerunt
505 1671 571 1717 obvia
581 1678 661 1727 rostra,
760 1701 766 1712 .

118 1735 148 1783 In
158 1737 249 1808 puppim
261 1734 346 1783 rediere
357 1744 421 1791 rates,
438 1737 564 1795 emisseque
574 1736 621 1782 tela

118 1802 180 1848 Abra
189 1809 300 1856 texerunt,
316 1816 457 1862 vacuumque
466 1801 568 1847 cadentia
577 1807 680 1863 pennum,
767 1828 771 1832 ν

119 1866 152 1913 Et
158 1866 207 1928 jam
218 1866 313 1917 diductis
323 1867 449 1915 extendunt
460 1880 544 1917 cornua
553 1866 631 1926 proris,

119 1930 269 1991 Diversaeque
280 1940 339 1979 rates
349 1929 422 1979 laxast
432 1932 504 1978 classe
513 1938 617 1992 recepta.
638 1967 642 1980 .

121 1996 162 2050 Ut,
179 1997 267 2056 quoties
278 2005 346 2050 aewus
358 1996 467 2057 Zephyris
478 1995 592 2056 Eurisque
602 2004 720 2058 repugnat,

120 2060 176 2107 Huc
187 2062 268 2109 abeunt
278 2061 367 2114 fluctus,
384 2062 436 2107 illuc
447 2076 523 2117 mare3
540 2062 580 2115 sic,
591 2060 628 2107 ubi
637 2076 723 2124 puppm
734 2063 783 2110 ⁵⁵0

120 2126 213 2173 Sulcato
223 2127 297 2173 varios
309 2127 421 2173 duxerunt
430 2127 523 2189 gurgite
533 2132 624 2179 tractus,
768 2172 772 2178 ,

121 2190 190 2245 Quod
200 2191 252 2237 tulit
263 2191 300 2237 illa
311 2192 364 2237 ratis
375 2192 449 2245 remis,
466 2192 516 2236 baec
527 2190 602 2236 retulit
613 2205 696 2251 aequor.
768 2213 772 2223 ·

121 2256 166 2302 Sed
178 2256 254 2305 Graiis
264 2256 353 2310 habiles,
370 2270 515 2317 pugnamque
523 2255 633 2302 lacessere
642 2256 716 2316 pinus,

120 2320 154 2369 Et
164 2326 251 2367 tentare
260 2319 344 2382 frigam,
362 2337 403 2367 nec
414 2321 485 2381 longo
495 2318 599 2381 frangere
609 2334 670 2380 gyro
766 2349 770 2354 -

121 2382 286 2439 Cursum,2nec
297 2382 360 2432 tarde
368 2385 467 2431 flectenti
479 2386 557 2432 cedere
565 2384 643 2430 clavo:
675 2416 681 2421 -

120 2450 154 2495 At
165 2448 271 2497 Romarm
281 2451 335 2496 ratis
345 2450 445 2497 stabilem
455 2450 556 2510 praebere
565 2449 663 2495 canuam
751 2498 755 2505 ,

122 2512 218 2569 Certior,
235 2522 259 2561 et
270 2522 336 2561 terres
344 2516 439 2561 similem
449 2514 582 2562 bellantibus
591 2528 665 2561 usum.

122 2578 196 2633 Tunc,
212 2579 236 2626 in
248 2578 356 2641 signiferis
362 2580 470 2629 residenti
477 2594 559 2643 puppa,
573 2578 684 2640 magistro
726 2579 732 2583 “

122 2642 209 2693 Erutus
220 2644 266 2705 aits
282 2640 684 2709 incimmemmaum?
761 2711 765 2721 Ι
