1884 2950
170 129 203 174 24
434 119 570 174 Lucum

170 255 278 304 Excessit
287 253 399 302 medicine
408 253 509 308 modurn,
519 254 659 316 nimiumque
666 264 744 305 sooner
751 255 796 316 ort,

171 319 225 376 Qut
236 321 306 368 morbi
318 317 410 374 duxdre,
421 333 510 366 manus.
532 316 625 366 Periere
635 330 758 382 nocentem

170 387 217 433 Sed
227 402 278 434 eum
285 387 334 448 jum
346 385 387 432 soii
397 391 492 446 possent
502 398 619 445 superesse
629 394 745 435 nooentes.

170 450 237 498 Tunc
249 451 300 498 data
309 451 400 496 libentes
411 449 474 502 odiis,
486 449 628 508 resolutaque
638 449 716 511 legum

171 516 252 576 Frenis
263 517 297 562 irs
307 517 365 562 ruit:
385 529 432 560 non
442 515 483 559 uni
493 521 575 563 cuncta
585 514 701 570 dabuntur,

172 582 218 628 Sed
228 577 282 628 lecit
292 580 333 626 sibi
344 581 438 640 quisque
449 577 526 624 nelos:
546 578 617 624 semei
626 581 703 626 omnia
713 579 792 629 vintos'

169 645 286 694 Jusserut:
300 643 417 690 infandum
428 643 513 689 domini
573 643 662 689 vissers
670 643 755 692 serrum

98 707 101 712 “
171 711 258 772 Exegit
267 709 379 757 famulus:
398 709 445 755 nati
456 707 563 754 maduere
571 715 667 768 paterno

172 775 301 836 Sanguine:
316 779 425 820 cerintum
437 771 479 826 est,
490 773 527 817 cui
537 772 615 818 cervix
626 787 686 819 esest
695 775 797 835 parentis

172 835 283 887 Cedere't:
297 838 420 885 inlrstrum
428 837 749 898 oecideruntpraemislrstros.
784 843 831 889 151

170 903 244 950 Busta
254 903 339 964 repieta
347 901 409 963 lugi,
421 903 578 962 pennixtuque
586 902 639 948 viva
649 902 743 964 sepultis

172 967 288 1029 Corpors;
304 983 345 1013 neo
356 968 464 1028 populum
475 966 567 1011 istebrae
576 962 657 1027 cepere
666 966 773 1017 fernmm.

172 1033 221 1080 His
230 1033 312 1093 isqueo
322 1031 404 1086 lsuoes,
416 1030 516 1090 elisaque
525 1035 619 1090 guttura
627 1030 710 1092 fregit:

173 1097 221 1144 Hic
232 1113 257 1144 se
266 1096 494 1158 praeoipstijsculntus
504 1095 604 1156 pondere
614 1093 670 1142 duni

171 1162 279 1210 Dissiluit
288 1176 407 1224 percussus
417 1162 500 1205 humo:
519 1166 649 1219 mortesque
659 1168 753 1211 onmnto

136 1239 141 1245 ·
172 1225 262 1274 Victori
272 1224 366 1287 rapudre
377 1239 442 1272 suas:
463 1225 499 1269 hic
510 1225 590 1270 robora
598 1225 658 1271 busti

122 1350 124 1356 Α
171 1293 277 1340 Exstruit
287 1293 335 1352 ipse
346 1292 386 1344 sui,
398 1305 440 1335 neo
451 1290 504 1334 dum
515 1289 577 1334 omni
587 1290 699 1350 ssnguine
709 1289 761 1337 fuso

172 1355 258 1405 Desilit
268 1357 292 1402 in
303 1355 411 1408 flammas
423 1361 452 1408 et,
465 1354 518 1399 dum
528 1352 695 1415 lisetooeupst
703 1355 777 1416 ignes.

174 1420 240 1470 Collo
250 1421 332 1466 ducum
343 1419 388 1483 pilo
398 1417 508 1481 trepidam
519 1423 608 1479 gestatu
617 1431 659 1480 per
668 1420 754 1477 urbem,
784 1424 835 1468 loo

173 1487 207 1535 Et
218 1487 291 1533 medio
302 1492 411 1547 congestu
420 1484 484 1529 loro:
503 1484 649 1543 cognoscitur
658 1484 711 1539 illio,

174 1548 560 1611 Quidquidubiquelstetscelerum.
577 1512 834 1598 NonThracistarrtum
924 1615 925 1638 Χ

173 1616 239 1662 Vidit
250 1614 347 1661 Bistonii
358 1614 451 1659 stabulis
462 1613 558 1673 pendere
568 1613 666 1672 tyranni,

172 1680 279 1728 Postibus
289 1678 367 1727 Antaei
379 1678 465 1737 Libye:
485 1692 528 1722 neo
539 1677 631 1723 Graeois
640 1691 741 1725 moereus

172 1746 220 1793 Tot
230 1745 316 1791 inserts
327 1750 388 1790 snus
400 1740 476 1789 Ptsaet
487 1741 550 1787 flevit
559 1742 583 1787 in
594 1739 652 1788 suli.

173 1809 233 1860 Cum
240 1811 289 1889 ism
300 1809 352 1855 tube
361 1807 441 1862 fluunt,
453 1806 590 1866 confusoque
599 1813 703 1869 tenpore
712 1806 785 1854 multo

172 1876 279 1924 Amisere
289 1880 361 1927 notus,
372 1872 506 1919 miserorum
516 1871 596 1916 dextro
604 1877 725 1932 psrentnm

173 1940 276 2002 Colligit,
287 1945 311 1985 et
321 1937 402 1999 pavido
412 1936 516 1983 subducit
525 1936 619 1997 cognita
626 1934 695 1982 furto.

174 2004 262 2066 Meque
272 2005 345 2067 ipsum
355 2002 447 2048 memini
458 2002 512 2047 caesi
522 1998 631 2046 desomnis
640 2000 717 2047 fratris
814 2012 829 2043 ‚r
924 1985 925 2010 ¹

174 2064 760 2131 Orarogocupidum,vetitisqueinponereflnmrnis,
787 2067 837 2114 170

174 2134 259 2183 Omnis
270 2133 370 2181 Suilsnae
379 2127 487 2177 lustrisse
496 2130 606 2177 osdnvers
615 2132 692 2191 pssis3

174 2199 265 2260 Perque
276 2212 355 2246 omnes
364 2202 464 2251 truncos,
475 2210 527 2242 oum
538 2192 585 2256 qud
593 2195 682 2241 cervice
691 2195 794 2241 recisum·
807 2253 811 2259 ι

176 2262 311 2316 Conveniet,
323 2262 431 2323 quesisse
441 2267 516 2321 caput.
541 2258 604 2313 Quid
615 2260 816 2322 sanguiuemsnes

175 2328 281 2376 Piseutos
293 2326 370 2375 Catuli
381 2325 493 2372 reseram?
510 2339 562 2370 cum
572 2324 666 2370 victims
675 2325 747 2371 tristis

174 2392 272 2440 Inferias
282 2391 378 2445 Murius,
388 2389 465 2437 forsan
476 2388 604 2436 nolentibus
613 2390 705 2443 umbris,

174 2456 264 2511 Pendit,
275 2456 390 2517 inexpleto
400 2470 446 2501 non
456 2452 524 2500 fonds
533 2453 623 2515 pisculs
630 2454 711 2510 busto3

175 2521 236 2570 Cum
247 2521 333 2567 lsoeros
344 2526 406 2567 srtus
417 2525 549 2579 equumque
558 2518 654 2565 vulnero
662 2518 770 2565 membris

129 2588 133 2593 '
174 2586 288 2637 Vidimus,
298 2594 322 2631 et
333 2590 381 2631 toto
392 2584 496 2645 quamvis
505 2584 529 2629 in
540 2597 635 2644 corpore
644 2597 705 2629 caeso

174 2648 215 2696 Nil
227 2651 309 2697 snimse
318 2649 386 2697 ietsle
396 2649 481 2704 datum,
492 2661 624 2709 moremque
634 2647 740 2697 nefsndse
