<?xml version="1.0" encoding="UTF-8"?>
<!DOCTYPE html PUBLIC "-//W3C//DTD XHTML 1.0 Transitional//EN"
    "http://www.w3.org/TR/xhtml1/DTD/xhtml1-transitional.dtd">
<html xmlns="http://www.w3.org/1999/xhtml" xml:lang="en" lang="en">
 <head>
  <title>
</title>
<meta http-equiv="Content-Type" content="text/html;charset=utf-8" />
  <meta name='ocr-system' content='tesseract 3.04.00' />
  <meta name='ocr-capabilities' content='ocr_page ocr_carea ocr_par ocr_line ocrx_word'/>
</head>
<body>
  <div class='ocr_page' id='page_1' title='image "./marciaennaeiluc00maygoog_0211.png"; bbox 0 0 1884 2950; ppageno 0'>
   <div class='ocr_carea' id='block_1_1' title="bbox 298 126 809 223">
    <p class='ocr_par' dir='ltr' id='par_1_1' title="bbox 298 126 809 223">
     <span class='ocr_line' id='line_1_1' title="bbox 298 126 809 223; baseline 0.006 -29"><span class='ocrx_word' id='word_1_1' title='bbox 298 128 510 223; x_wconf 72' lang='lat' dir='ltr'><strong>eunomius</strong></span> <span class='ocrx_word' id='word_1_2' title='bbox 531 126 644 193; x_wconf 70' lang='lat' dir='ltr'><strong>mro</strong></span> <span class='ocrx_word' id='word_1_3' title='bbox 759 138 809 198; x_wconf 73' lang='lat' dir='ltr'><strong>ns·</strong></span> 
     </span>
    </p>
   </div>
   <div class='ocr_carea' id='block_1_2' title="bbox 141 245 811 343">
    <p class='ocr_par' dir='ltr' id='par_1_2' title="bbox 141 245 811 343">
     <span class='ocr_line' id='line_1_2' title="bbox 141 245 811 343; baseline 0.003 -20"><span class='ocrx_word' id='word_1_4' title='bbox 141 245 714 343; x_wconf 63' lang='lat' dir='ltr'><strong>‹unypusonierpenoourpumooenuou</strong></span> <span class='ocrx_word' id='word_1_5' title='bbox 800 261 811 273; x_wconf 81' lang='lat'><em>&#39;</em></span> 
     </span>
    </p>
   </div>
   <div class='ocr_carea' id='block_1_3' title="bbox 107 334 807 2283">
    <p class='ocr_par' dir='ltr' id='par_1_3' title="bbox 107 334 659 403">
     <span class='ocr_line' id='line_1_3' title="bbox 107 334 659 403; baseline 0.002 -16"><span class='ocrx_word' id='word_1_6' title='bbox 107 388 110 393; x_wconf 19' lang='grc' dir='ltr'><strong>Δ</strong></span> <span class='ocrx_word' id='word_1_7' title='bbox 140 334 249 403; x_wconf 81' lang='lat' dir='ltr'><strong>Eripiunt</strong></span> <span class='ocrx_word' id='word_1_8' title='bbox 259 346 337 387; x_wconf 83' lang='lat' dir='ltr'><strong>omnes</strong></span> <span class='ocrx_word' id='word_1_9' title='bbox 348 340 451 393; x_wconf 86' lang='lat' dir='ltr'><strong>animam,</strong></span> <span class='ocrx_word' id='word_1_10' title='bbox 462 346 489 386; x_wconf 89' lang='lat' dir='ltr'><strong>tu</strong></span> <span class='ocrx_word' id='word_1_11' title='bbox 500 340 548 385; x_wconf 81' lang='lat' dir='ltr'><strong>sois</strong></span> <span class='ocrx_word' id='word_1_12' title='bbox 558 340 659 388; x_wconf 82' lang='lat' dir='ltr'><strong>cadaver.</strong></span> 
     </span>
    </p>

    <p class='ocr_par' dir='ltr' id='par_1_4' title="bbox 141 403 604 453">
     <span class='ocr_line' id='line_1_4' title="bbox 141 403 604 453; baseline 0 -2"><span class='ocrx_word' id='word_1_13' title='bbox 141 404 206 452; x_wconf 90' lang='lat' dir='ltr'><strong>Ecce</strong></span> <span class='ocrx_word' id='word_1_14' title='bbox 216 406 275 453; x_wconf 84' lang='lat' dir='ltr'><strong>subit</strong></span> <span class='ocrx_word' id='word_1_15' title='bbox 284 404 353 453; x_wconf 80' lang='lat' dir='ltr'><strong>facies</strong></span> <span class='ocrx_word' id='word_1_16' title='bbox 362 406 409 452; x_wconf 85' lang='lat' dir='ltr'><strong>leto</strong></span> <span class='ocrx_word' id='word_1_17' title='bbox 420 404 508 451; x_wconf 78' lang='lat' dir='ltr'><strong>diversa</strong></span> <span class='ocrx_word' id='word_1_18' title='bbox 516 403 604 451; x_wconf 78' lang='lat' dir='ltr'><strong>fluenti.</strong></span> 
     </span>
    </p>

    <p class='ocr_par' dir='ltr' id='par_1_5' title="bbox 140 468 807 599">
     <span class='ocr_line' id='line_1_5' title="bbox 140 468 807 531; baseline -0.006 -14"><span class='ocrx_word' id='word_1_19' title='bbox 140 468 262 517; x_wconf 77' lang='lat' dir='ltr'><strong>Nasidium</strong></span> <span class='ocrx_word' id='word_1_20' title='bbox 274 468 348 517; x_wconf 80' lang='lat' dir='ltr'><strong>Marsi</strong></span> <span class='ocrx_word' id='word_1_21' title='bbox 357 468 465 517; x_wconf 80' lang='lat' dir='ltr'><strong>cultorem</strong></span> <span class='ocrx_word' id='word_1_22' title='bbox 477 470 574 515; x_wconf 90' lang='lat' dir='ltr'><strong>torridus</strong></span> <span class='ocrx_word' id='word_1_23' title='bbox 584 470 634 531; x_wconf 84' lang='lat' dir='ltr'><strong>agri</strong></span> <span class='ocrx_word' id='word_1_24' title='bbox 757 477 807 529; x_wconf 72' lang='lat'><strong>790</strong></span> 
     </span>
     <span class='ocr_line' id='line_1_6' title="bbox 142 532 638 599; baseline 0.002 -19"><span class='ocrx_word' id='word_1_25' title='bbox 142 532 260 582; x_wconf 82' lang='lat' dir='ltr'><strong>Percussit</strong></span> <span class='ocrx_word' id='word_1_26' title='bbox 269 540 367 599; x_wconf 81' lang='lat' dir='ltr'><strong>prester:</strong></span> <span class='ocrx_word' id='word_1_27' title='bbox 386 534 418 581; x_wconf 89' lang='lat' dir='ltr'><strong>illi</strong></span> <span class='ocrx_word' id='word_1_28' title='bbox 430 536 497 581; x_wconf 89' lang='lat' dir='ltr'><strong>rubor</strong></span> <span class='ocrx_word' id='word_1_29' title='bbox 506 535 587 593; x_wconf 83' lang='lat' dir='ltr'><strong>igneus</strong></span> <span class='ocrx_word' id='word_1_30' title='bbox 598 550 638 581; x_wconf 81' lang='lat' dir='ltr'><strong>ora</strong></span> 
     </span>
    </p>

    <p class='ocr_par' dir='ltr' id='par_1_6' title="bbox 141 598 795 858">
     <span class='ocr_line' id='line_1_7' title="bbox 142 598 698 664; baseline 0.002 -19"><span class='ocrx_word' id='word_1_31' title='bbox 142 598 271 655; x_wconf 71' lang='lat' dir='ltr'><strong>Succendit,</strong></span> <span class='ocrx_word' id='word_1_32' title='bbox 283 600 398 664; x_wconf 78' lang='lat' dir='ltr'><strong>tenditque</strong></span> <span class='ocrx_word' id='word_1_33' title='bbox 409 604 491 655; x_wconf 77' lang='lat' dir='ltr'><strong>cutem,</strong></span> <span class='ocrx_word' id='word_1_34' title='bbox 502 606 609 661; x_wconf 86' lang='lat' dir='ltr'><strong>pereunte</strong></span> <span class='ocrx_word' id='word_1_35' title='bbox 617 598 698 661; x_wconf 72' lang='lat' dir='ltr'><strong>figuti,</strong></span> 
     </span>
     <span class='ocr_line' id='line_1_8' title="bbox 141 662 747 727; baseline 0.003 -18"><span class='ocrx_word' id='word_1_36' title='bbox 141 662 247 713; x_wconf 76' lang='lat' dir='ltr'><strong>Miscens</strong></span> <span class='ocrx_word' id='word_1_37' title='bbox 257 665 338 715; x_wconf 64' lang='lat' dir='ltr'><strong>cunno</strong></span> <span class='ocrx_word' id='word_1_38' title='bbox 348 675 429 719; x_wconf 85' lang='lat' dir='ltr'><strong>tumor,</strong></span> <span class='ocrx_word' id='word_1_39' title='bbox 441 672 490 711; x_wconf 90' lang='lat' dir='ltr'><strong>toto</strong></span> <span class='ocrx_word' id='word_1_40' title='bbox 496 664 545 726; x_wconf 84' lang='lat' dir='ltr'><strong>jam</strong></span> <span class='ocrx_word' id='word_1_41' title='bbox 557 679 650 726; x_wconf 91' lang='lat' dir='ltr'><strong>corpore</strong></span> <span class='ocrx_word' id='word_1_42' title='bbox 659 667 747 727; x_wconf 87' lang='lat' dir='ltr'><strong>major;</strong></span> 
     </span>
     <span class='ocr_line' id='line_1_9' title="bbox 141 726 795 793; baseline 0.006 -18"><span class='ocrx_word' id='word_1_43' title='bbox 141 726 322 793; x_wconf 76' lang='lat' dir='ltr'><strong>Humanumque</strong></span> <span class='ocrx_word' id='word_1_44' title='bbox 332 744 422 793; x_wconf 81' lang='lat' dir='ltr'><strong>egressa</strong></span> <span class='ocrx_word' id='word_1_45' title='bbox 430 730 522 775; x_wconf 87' lang='lat' dir='ltr'><strong>modum</strong></span> <span class='ocrx_word' id='word_1_46' title='bbox 533 744 599 790; x_wconf 88' lang='lat' dir='ltr'><strong>super</strong></span> <span class='ocrx_word' id='word_1_47' title='bbox 609 730 685 777; x_wconf 84' lang='lat' dir='ltr'><strong>omnia</strong></span> <span class='ocrx_word' id='word_1_48' title='bbox 694 732 795 779; x_wconf 80' lang='lat' dir='ltr'><strong>membru</strong></span> 
     </span>
     <span class='ocr_line' id='line_1_10' title="bbox 141 792 601 858; baseline 0 -17"><span class='ocrx_word' id='word_1_49' title='bbox 141 792 240 841; x_wconf 77' lang='lat' dir='ltr'><strong>Efflatur</strong></span> <span class='ocrx_word' id='word_1_50' title='bbox 252 796 331 850; x_wconf 81' lang='lat' dir='ltr'><strong>sanies,</strong></span> <span class='ocrx_word' id='word_1_51' title='bbox 342 792 388 841; x_wconf 69' lang='lat' dir='ltr'><strong>late</strong></span> <span class='ocrx_word' id='word_1_52' title='bbox 398 794 497 858; x_wconf 85' lang='lat' dir='ltr'><strong>poliente</strong></span> <span class='ocrx_word' id='word_1_53' title='bbox 506 809 601 841; x_wconf 81' lang='lat' dir='ltr'><strong>veneno.</strong></span> 
     </span>
    </p>

    <p class='ocr_par' dir='ltr' id='par_1_7' title="bbox 142 855 697 921">
     <span class='ocr_line' id='line_1_11' title="bbox 142 855 697 921; baseline 0.004 -16"><span class='ocrx_word' id='word_1_54' title='bbox 142 855 196 921; x_wconf 87' lang='lat' dir='ltr'><strong>Ipse</strong></span> <span class='ocrx_word' id='word_1_55' title='bbox 205 860 261 906; x_wconf 80' lang='lat' dir='ltr'><strong>lutet</strong></span> <span class='ocrx_word' id='word_1_56' title='bbox 269 862 365 921; x_wconf 84' lang='lat' dir='ltr'><strong>penitus,</strong></span> <span class='ocrx_word' id='word_1_57' title='bbox 374 866 484 921; x_wconf 83' lang='lat' dir='ltr'><strong>congesto</strong></span> <span class='ocrx_word' id='word_1_58' title='bbox 494 874 587 920; x_wconf 89' lang='lat' dir='ltr'><strong>corpore</strong></span> <span class='ocrx_word' id='word_1_59' title='bbox 596 874 697 917; x_wconf 77' lang='lat' dir='ltr'><strong>mersus3</strong></span> 
     </span>
    </p>

    <p class='ocr_par' dir='ltr' id='par_1_8' title="bbox 141 922 665 985">
     <span class='ocr_line' id='line_1_12' title="bbox 141 922 665 985; baseline -0.002 -14"><span class='ocrx_word' id='word_1_60' title='bbox 141 922 194 971; x_wconf 79' lang='lat' dir='ltr'><strong>Nec</strong></span> <span class='ocrx_word' id='word_1_61' title='bbox 205 924 275 971; x_wconf 87' lang='lat' dir='ltr'><strong>lorica</strong></span> <span class='ocrx_word' id='word_1_62' title='bbox 285 930 348 971; x_wconf 88' lang='lat' dir='ltr'><strong>tenet</strong></span> <span class='ocrx_word' id='word_1_63' title='bbox 358 924 447 971; x_wconf 79' lang='lat' dir='ltr'><strong>distenti</strong></span> <span class='ocrx_word' id='word_1_64' title='bbox 458 924 557 985; x_wconf 88' lang='lat' dir='ltr'><strong>corporis</strong></span> <span class='ocrx_word' id='word_1_65' title='bbox 567 930 665 971; x_wconf 87' lang='lat' dir='ltr'><strong>suctum.</strong></span> 
     </span>
    </p>

    <p class='ocr_par' dir='ltr' id='par_1_9' title="bbox 140 986 650 1051">
     <span class='ocr_line' id='line_1_13' title="bbox 140 986 650 1051; baseline 0 -16"><span class='ocrx_word' id='word_1_66' title='bbox 140 986 254 1051; x_wconf 81' lang='lat' dir='ltr'><strong>Spumeus</strong></span> <span class='ocrx_word' id='word_1_67' title='bbox 265 1004 358 1036; x_wconf 86' lang='lat' dir='ltr'><strong>accenso</strong></span> <span class='ocrx_word' id='word_1_68' title='bbox 370 1004 415 1035; x_wconf 91' lang='lat' dir='ltr'><strong>non</strong></span> <span class='ocrx_word' id='word_1_69' title='bbox 427 990 459 1035; x_wconf 89' lang='lat' dir='ltr'><strong>sic</strong></span> <span class='ocrx_word' id='word_1_70' title='bbox 469 988 568 1034; x_wconf 66' lang='lat' dir='ltr'><strong>exundat</strong></span> <span class='ocrx_word' id='word_1_71' title='bbox 578 989 650 1035; x_wconf 72' lang='lat' dir='ltr'><strong>alieno</strong></span> 
     </span>
    </p>

    <p class='ocr_par' dir='ltr' id='par_1_10' title="bbox 141 1052 805 1376">
     <span class='ocr_line' id='line_1_14' title="bbox 143 1052 735 1111; baseline 0.003 -12"><span class='ocrx_word' id='word_1_72' title='bbox 143 1052 262 1100; x_wconf 80' lang='lat' dir='ltr'><strong>Undarum</strong></span> <span class='ocrx_word' id='word_1_73' title='bbox 274 1054 392 1111; x_wconf 82' lang='lat' dir='ltr'><strong>cumulus3</strong></span> <span class='ocrx_word' id='word_1_74' title='bbox 409 1069 452 1100; x_wconf 89' lang='lat' dir='ltr'><strong>nec</strong></span> <span class='ocrx_word' id='word_1_75' title='bbox 458 1060 533 1099; x_wconf 79' lang='lat' dir='ltr'><strong>tantos</strong></span> <span class='ocrx_word' id='word_1_76' title='bbox 544 1054 634 1099; x_wconf 78' lang='lat' dir='ltr'><strong>carbasa</strong></span> <span class='ocrx_word' id='word_1_77' title='bbox 645 1052 706 1101; x_wconf 84' lang='lat' dir='ltr'><strong>Coro</strong></span> <span class='ocrx_word' id='word_1_78' title='bbox 732 1067 735 1071; x_wconf 60' lang='lat'><em>⁴</em></span> 
     </span>
     <span class='ocr_line' id='line_1_15' title="bbox 143 1116 805 1180; baseline 0.003 -15"><span class='ocrx_word' id='word_1_79' title='bbox 143 1116 276 1166; x_wconf 78' lang='lat' dir='ltr'><strong>Curvavdre</strong></span> <span class='ocrx_word' id='word_1_80' title='bbox 284 1120 357 1165; x_wconf 84' lang='lat' dir='ltr'><strong>sinus:</strong></span> <span class='ocrx_word' id='word_1_81' title='bbox 376 1118 528 1180; x_wconf 78' lang='lat' dir='ltr'><strong>tumidosJam</strong></span> <span class='ocrx_word' id='word_1_82' title='bbox 539 1133 586 1163; x_wconf 90' lang='lat' dir='ltr'><strong>non</strong></span> <span class='ocrx_word' id='word_1_83' title='bbox 597 1119 656 1179; x_wconf 81' lang='lat' dir='ltr'><strong>capit</strong></span> <span class='ocrx_word' id='word_1_84' title='bbox 665 1126 728 1167; x_wconf 72' lang='lat' dir='ltr'><strong>ortum</strong></span> <span class='ocrx_word' id='word_1_85' title='bbox 755 1124 805 1167; x_wconf 83' lang='lat'><strong>800</strong></span> 
     </span>
     <span class='ocr_line' id='line_1_16' title="bbox 142 1180 708 1245; baseline 0 -16"><span class='ocrx_word' id='word_1_86' title='bbox 142 1180 251 1230; x_wconf 74' lang='lat' dir='ltr'><strong>Informis</strong></span> <span class='ocrx_word' id='word_1_87' title='bbox 262 1183 349 1245; x_wconf 81' lang='lat' dir='ltr'><strong>globus,</strong></span> <span class='ocrx_word' id='word_1_88' title='bbox 362 1190 385 1229; x_wconf 89' lang='lat' dir='ltr'><strong>et</strong></span> <span class='ocrx_word' id='word_1_89' title='bbox 395 1182 489 1229; x_wconf 82' lang='lat' dir='ltr'><strong>confuso</strong></span> <span class='ocrx_word' id='word_1_90' title='bbox 498 1182 598 1244; x_wconf 87' lang='lat' dir='ltr'><strong>pondere</strong></span> <span class='ocrx_word' id='word_1_91' title='bbox 607 1190 708 1229; x_wconf 86' lang='lat' dir='ltr'><strong>truncus.</strong></span> 
     </span>
     <span class='ocr_line' id='line_1_17' title="bbox 141 1244 788 1309; baseline 0.003 -17"><span class='ocrx_word' id='word_1_92' title='bbox 141 1244 257 1295; x_wconf 71' lang='lat' dir='ltr'><strong>intectum</strong></span> <span class='ocrx_word' id='word_1_93' title='bbox 268 1246 384 1294; x_wconf 88' lang='lat' dir='ltr'><strong>volucrum</strong></span> <span class='ocrx_word' id='word_1_94' title='bbox 395 1248 481 1301; x_wconf 82' lang='lat' dir='ltr'><strong>rostn‘s,</strong></span> <span class='ocrx_word' id='word_1_95' title='bbox 493 1246 613 1309; x_wconf 84' lang='lat' dir='ltr'><strong>epulasque</strong></span> <span class='ocrx_word' id='word_1_96' title='bbox 623 1248 726 1294; x_wconf 76' lang='lat' dir='ltr'><strong>detortum</strong></span> <span class='ocrx_word' id='word_1_97' title='bbox 785 1247 788 1251; x_wconf 72' lang='grc'>’</span> 
     </span>
     <span class='ocr_line' id='line_1_18' title="bbox 141 1310 673 1376; baseline -0.004 -17"><span class='ocrx_word' id='word_1_98' title='bbox 141 1310 215 1359; x_wconf 86' lang='lat' dir='ltr'><strong>Hsud</strong></span> <span class='ocrx_word' id='word_1_99' title='bbox 225 1313 308 1374; x_wconf 83' lang='lat' dir='ltr'><strong>inpune</strong></span> <span class='ocrx_word' id='word_1_100' title='bbox 318 1312 377 1367; x_wconf 87' lang='lat' dir='ltr'><strong>feris,</strong></span> <span class='ocrx_word' id='word_1_101' title='bbox 389 1328 435 1359; x_wconf 92' lang='lat' dir='ltr'><strong>non</strong></span> <span class='ocrx_word' id='word_1_102' title='bbox 446 1313 494 1359; x_wconf 83' lang='lat' dir='ltr'><strong>ausi</strong></span> <span class='ocrx_word' id='word_1_103' title='bbox 504 1312 591 1376; x_wconf 72' lang='lat' dir='ltr'><strong>tradcie</strong></span> <span class='ocrx_word' id='word_1_104' title='bbox 600 1313 673 1365; x_wconf 84' lang='lat' dir='ltr'><strong>busto,</strong></span> 
     </span>
    </p>

    <p class='ocr_par' dir='ltr' id='par_1_11' title="bbox 141 1374 736 1439">
     <span class='ocr_line' id='line_1_19' title="bbox 141 1374 736 1439; baseline 0 -16"><span class='ocrx_word' id='word_1_105' title='bbox 141 1376 252 1424; x_wconf 87' lang='lat' dir='ltr'><strong>Nondum</strong></span> <span class='ocrx_word' id='word_1_106' title='bbox 264 1384 337 1424; x_wconf 79' lang='lat' dir='ltr'><strong>stante</strong></span> <span class='ocrx_word' id='word_1_107' title='bbox 346 1378 421 1433; x_wconf 86' lang='lat' dir='ltr'><strong>modo,</strong></span> <span class='ocrx_word' id='word_1_108' title='bbox 433 1391 536 1423; x_wconf 84' lang='lat' dir='ltr'><strong>crescens</strong></span> <span class='ocrx_word' id='word_1_109' title='bbox 544 1374 626 1439; x_wconf 81' lang='lat' dir='ltr'><strong>fugdre</strong></span> <span class='ocrx_word' id='word_1_110' title='bbox 636 1376 736 1424; x_wconf 72' lang='lat' dir='ltr'><strong>mdover.</strong></span> 
     </span>
    </p>

    <p class='ocr_par' dir='ltr' id='par_1_12' title="bbox 139 1441 702 1635">
     <span class='ocr_line' id='line_1_20' title="bbox 140 1441 702 1504; baseline 0 -15"><span class='ocrx_word' id='word_1_111' title='bbox 140 1442 189 1489; x_wconf 74' lang='lat' dir='ltr'><strong>Sed</strong></span> <span class='ocrx_word' id='word_1_112' title='bbox 199 1443 283 1504; x_wconf 81' lang='lat' dir='ltr'><strong>majora</strong></span> <span class='ocrx_word' id='word_1_113' title='bbox 292 1450 371 1504; x_wconf 87' lang='lat' dir='ltr'><strong>purant</strong></span> <span class='ocrx_word' id='word_1_114' title='bbox 383 1441 477 1504; x_wconf 81' lang='lat' dir='ltr'><strong>Libycae</strong></span> <span class='ocrx_word' id='word_1_115' title='bbox 487 1441 613 1504; x_wconf 75' lang='lat' dir='ltr'><strong>spectacula</strong></span> <span class='ocrx_word' id='word_1_116' title='bbox 619 1449 702 1504; x_wconf 84' lang='lat' dir='ltr'><strong>pestes.</strong></span> 
     </span>
     <span class='ocr_line' id='line_1_21' title="bbox 141 1503 673 1570; baseline 0.004 -18"><span class='ocrx_word' id='word_1_117' title='bbox 141 1503 253 1570; x_wconf 76' lang='lat' dir='ltr'><strong>inpressit</strong></span> <span class='ocrx_word' id='word_1_118' title='bbox 263 1508 342 1554; x_wconf 84' lang='lat' dir='ltr'><strong>dentes</strong></span> <span class='ocrx_word' id='word_1_119' title='bbox 352 1508 499 1555; x_wconf 80' lang='lat' dir='ltr'><strong>haemorrhois</strong></span> <span class='ocrx_word' id='word_1_120' title='bbox 509 1521 588 1568; x_wconf 78' lang='lat' dir='ltr'><strong>aspera</strong></span> <span class='ocrx_word' id='word_1_121' title='bbox 596 1506 673 1563; x_wconf 83' lang='lat' dir='ltr'><strong>Tullo,</strong></span> 
     </span>
     <span class='ocr_line' id='line_1_22' title="bbox 139 1569 651 1635; baseline 0.002 -17"><span class='ocrx_word' id='word_1_122' title='bbox 139 1569 291 1635; x_wconf 79' lang='lat' dir='ltr'><strong>Magnanimo</strong></span> <span class='ocrx_word' id='word_1_123' title='bbox 297 1573 384 1635; x_wconf 69' lang='lat' dir='ltr'><strong>juveni·</strong></span> <span class='ocrx_word' id='word_1_124' title='bbox 395 1571 538 1632; x_wconf 81' lang='lat' dir='ltr'><strong>miratorique</strong></span> <span class='ocrx_word' id='word_1_125' title='bbox 550 1570 651 1619; x_wconf 77' lang='lat' dir='ltr'><strong>Catonis.</strong></span> 
     </span>
    </p>

    <p class='ocr_par' dir='ltr' id='par_1_13' title="bbox 142 1633 685 1700">
     <span class='ocr_line' id='line_1_23' title="bbox 142 1633 685 1700; baseline -0.002 -16"><span class='ocrx_word' id='word_1_126' title='bbox 142 1633 221 1698; x_wconf 87' lang='lat' dir='ltr'><strong>thue</strong></span> <span class='ocrx_word' id='word_1_127' title='bbox 232 1633 289 1683; x_wconf 83' lang='lat' dir='ltr'><strong>solet</strong></span> <span class='ocrx_word' id='word_1_128' title='bbox 298 1639 381 1700; x_wconf 89' lang='lat' dir='ltr'><strong>pariter</strong></span> <span class='ocrx_word' id='word_1_129' title='bbox 391 1637 445 1694; x_wconf 81' lang='lat' dir='ltr'><strong>totis</strong></span> <span class='ocrx_word' id='word_1_130' title='bbox 456 1652 482 1683; x_wconf 86' lang='lat' dir='ltr'><strong>se</strong></span> <span class='ocrx_word' id='word_1_131' title='bbox 491 1635 605 1682; x_wconf 83' lang='lat' dir='ltr'><strong>effimdere</strong></span> <span class='ocrx_word' id='word_1_132' title='bbox 613 1637 685 1698; x_wconf 80' lang='lat' dir='ltr'><strong>signis</strong></span> 
     </span>
    </p>

    <p class='ocr_par' dir='ltr' id='par_1_14' title="bbox 138 1699 665 1763">
     <span class='ocr_line' id='line_1_24' title="bbox 138 1699 665 1763; baseline -0.002 -13"><span class='ocrx_word' id='word_1_133' title='bbox 138 1699 236 1762; x_wconf 79' lang='lat' dir='ltr'><strong>Corycii</strong></span> <span class='ocrx_word' id='word_1_134' title='bbox 245 1717 349 1763; x_wconf 88' lang='lat' dir='ltr'><strong>pressura</strong></span> <span class='ocrx_word' id='word_1_135' title='bbox 359 1703 425 1757; x_wconf 92' lang='lat' dir='ltr'><strong>croci,</strong></span> <span class='ocrx_word' id='word_1_136' title='bbox 437 1703 469 1749; x_wconf 91' lang='lat' dir='ltr'><strong>sic</strong></span> <span class='ocrx_word' id='word_1_137' title='bbox 480 1701 665 1749; x_wconf 81' lang='lat' dir='ltr'><strong>omnia&#39;membra</strong></span> 
     </span>
    </p>

    <p class='ocr_par' dir='ltr' id='par_1_15' title="bbox 138 1763 804 2152">
     <span class='ocr_line' id='line_1_25' title="bbox 140 1763 804 1828; baseline 0 -16"><span class='ocrx_word' id='word_1_138' title='bbox 140 1763 248 1820; x_wconf 72' lang='lat' dir='ltr'><strong>Emisere</strong></span> <span class='ocrx_word' id='word_1_139' title='bbox 259 1767 325 1816; x_wconf 86' lang='lat' dir='ltr'><strong>simui</strong></span> <span class='ocrx_word' id='word_1_140' title='bbox 335 1767 450 1814; x_wconf 87' lang='lat' dir='ltr'><strong>rutilatum</strong></span> <span class='ocrx_word' id='word_1_141' title='bbox 461 1766 571 1828; x_wconf 83' lang='lat' dir='ltr'><strong>sanguine</strong></span> <span class='ocrx_word' id='word_1_142' title='bbox 580 1765 650 1813; x_wconf 82' lang='lat' dir='ltr'><strong>virus.</strong></span> <span class='ocrx_word' id='word_1_143' title='bbox 755 1764 804 1813; x_wconf 83' lang='lat'>8&#39;10</span> 
     </span>
     <span class='ocr_line' id='line_1_26' title="bbox 138 1828 800 1893; baseline -0.002 -15"><span class='ocrx_word' id='word_1_144' title='bbox 138 1829 239 1893; x_wconf 75' lang='lat' dir='ltr'><strong>Sanguis</strong></span> <span class='ocrx_word' id='word_1_145' title='bbox 251 1839 314 1878; x_wconf 83' lang='lat' dir='ltr'><strong>erunt</strong></span> <span class='ocrx_word' id='word_1_146' title='bbox 323 1831 422 1878; x_wconf 78' lang='lat' dir='ltr'><strong>hcnmae</strong></span> <span class='ocrx_word' id='word_1_147' title='bbox 428 1847 436 1889; x_wconf 91' lang='lat'>;</span> <span class='ocrx_word' id='word_1_148' title='bbox 453 1844 600 1892; x_wconf 86' lang='lat' dir='ltr'><strong>quaecumque</strong></span> <span class='ocrx_word' id='word_1_149' title='bbox 610 1829 719 1878; x_wconf 84' lang='lat' dir='ltr'><strong>foramina</strong></span> <span class='ocrx_word' id='word_1_150' title='bbox 729 1828 800 1877; x_wconf 81' lang='lat' dir='ltr'><strong>no&#39;vit</strong></span> 
     </span>
     <span class='ocr_line' id='line_1_27' title="bbox 140 1885 787 1960; baseline -0.008 -14"><span class='ocrx_word' id='word_1_151' title='bbox 140 1885 240 1950; x_wconf 69' lang='lat' dir='ltr'><strong>Humor,</strong></span> <span class='ocrx_word' id='word_1_152' title='bbox 252 1897 280 1942; x_wconf 88' lang='lat' dir='ltr'><strong>sb</strong></span> <span class='ocrx_word' id='word_1_153' title='bbox 290 1897 325 1943; x_wconf 89' lang='lat' dir='ltr'><strong>his</strong></span> <span class='ocrx_word' id='word_1_154' title='bbox 333 1897 411 1960; x_wconf 69' lang='lat' dir='ltr'><strong>iorgnrs</strong></span> <span class='ocrx_word' id='word_1_155' title='bbox 421 1902 499 1942; x_wconf 83' lang='lat' dir='ltr'><strong>manat</strong></span> <span class='ocrx_word' id='word_1_156' title='bbox 508 1906 589 1952; x_wconf 80' lang='lat' dir='ltr'><strong>cruor3</strong></span> <span class='ocrx_word' id='word_1_157' title='bbox 606 1909 646 1942; x_wconf 80' lang='lat' dir='ltr'><strong>ora</strong></span> <span class='ocrx_word' id='word_1_158' title='bbox 655 1896 787 1950; x_wconf 79' lang='lat' dir='ltr'><strong>redundant,</strong></span> 
     </span>
     <span class='ocr_line' id='line_1_28' title="bbox 140 1959 709 2023; baseline -0.004 -15"><span class='ocrx_word' id='word_1_159' title='bbox 140 1960 173 2008; x_wconf 81' lang='lat' dir='ltr'><strong>Et</strong></span> <span class='ocrx_word' id='word_1_160' title='bbox 184 1961 267 2022; x_wconf 85' lang='lat' dir='ltr'><strong>pstulae</strong></span> <span class='ocrx_word' id='word_1_161' title='bbox 278 1975 358 2023; x_wconf 78' lang='lat' dir='ltr'><strong>nures3</strong></span> <span class='ocrx_word' id='word_1_162' title='bbox 376 1962 443 2009; x_wconf 90' lang='lat' dir='ltr'><strong>sudor</strong></span> <span class='ocrx_word' id='word_1_163' title='bbox 454 1961 532 2016; x_wconf 87' lang='lat' dir='ltr'><strong>rubet;</strong></span> <span class='ocrx_word' id='word_1_164' title='bbox 550 1959 626 2006; x_wconf 88' lang='lat' dir='ltr'><strong>omnia</strong></span> <span class='ocrx_word' id='word_1_165' title='bbox 634 1960 709 2020; x_wconf 89' lang='lat' dir='ltr'><strong>plenis</strong></span> 
     </span>
     <span class='ocr_line' id='line_1_29' title="bbox 140 2022 802 2088; baseline -0.003 -14"><span class='ocrx_word' id='word_1_166' title='bbox 140 2022 246 2074; x_wconf 74' lang='lat' dir='ltr'><strong>Membro</strong></span> <span class='ocrx_word' id='word_1_167' title='bbox 256 2025 330 2072; x_wconf 87' lang='lat' dir='ltr'><strong>fluunt</strong></span> <span class='ocrx_word' id='word_1_168' title='bbox 341 2027 419 2084; x_wconf 82' lang='lat' dir='ltr'><strong>venis3</strong></span> <span class='ocrx_word' id='word_1_169' title='bbox 431 2031 505 2073; x_wconf 85' lang='lat' dir='ltr'><strong>totum</strong></span> <span class='ocrx_word' id='word_1_170' title='bbox 517 2032 552 2073; x_wconf 86' lang='lat' dir='ltr'><strong>est</strong></span> <span class='ocrx_word' id='word_1_171' title='bbox 560 2039 603 2088; x_wconf 84' lang='lat' dir='ltr'><strong>pro</strong></span> <span class='ocrx_word' id='word_1_172' title='bbox 612 2025 706 2072; x_wconf 80' lang='lat' dir='ltr'><strong>vulnere</strong></span> <span class='ocrx_word' id='word_1_173' title='bbox 714 2036 802 2088; x_wconf 75' lang='lat' dir='ltr'><strong>corpus</strong></span> 
     </span>
     <span class='ocr_line' id='line_1_30' title="bbox 140 2087 686 2152; baseline -0.007 -14"><span class='ocrx_word' id='word_1_174' title='bbox 140 2091 174 2138; x_wconf 83' lang='lat' dir='ltr'><strong>At</strong></span> <span class='ocrx_word' id='word_1_175' title='bbox 185 2090 231 2144; x_wconf 88' lang='lat' dir='ltr'><strong>tibi,</strong></span> <span class='ocrx_word' id='word_1_176' title='bbox 244 2087 309 2138; x_wconf 82' lang='lat' dir='ltr'><strong>Leve</strong></span> <span class='ocrx_word' id='word_1_177' title='bbox 318 2091 393 2148; x_wconf 85' lang='lat' dir='ltr'><strong>miser,</strong></span> <span class='ocrx_word' id='word_1_178' title='bbox 403 2089 463 2139; x_wconf 74' lang='lat' dir='ltr'><strong>fmus</strong></span> <span class='ocrx_word' id='word_1_179' title='bbox 473 2090 595 2152; x_wconf 80' lang='lat' dir='ltr'><strong>praecordia</strong></span> <span class='ocrx_word' id='word_1_180' title='bbox 604 2091 686 2151; x_wconf 85' lang='lat' dir='ltr'><strong>pressit</strong></span> 
     </span>
    </p>

    <p class='ocr_par' dir='ltr' id='par_1_16' title="bbox 139 2153 686 2283">
     <span class='ocr_line' id='line_1_31' title="bbox 139 2153 686 2218; baseline -0.004 -16"><span class='ocrx_word' id='word_1_181' title='bbox 139 2153 229 2208; x_wconf 72' lang='lat' dir='ltr'><strong>Niliaci</strong></span> <span class='ocrx_word' id='word_1_182' title='bbox 239 2162 342 2218; x_wconf 85' lang='lat' dir='ltr'><strong>serpente</strong></span> <span class='ocrx_word' id='word_1_183' title='bbox 352 2171 419 2204; x_wconf 88' lang='lat' dir='ltr'><strong>cruor</strong></span> <span class='ocrx_word' id='word_1_184' title='bbox 427 2171 440 2213; x_wconf 87' lang='lat'><strong>;·</strong></span> <span class='ocrx_word' id='word_1_185' title='bbox 453 2154 559 2216; x_wconf 89' lang='lat' dir='ltr'><strong>nulloque</strong></span> <span class='ocrx_word' id='word_1_186' title='bbox 570 2154 647 2200; x_wconf 87' lang='lat' dir='ltr'><strong>dolore</strong></span> <span class='ocrx_word' id='word_1_187' title='bbox 682 2202 686 2208; x_wconf 61' lang='grc'><strong>,</strong></span> 
     </span>
     <span class='ocr_line' id='line_1_32' title="bbox 141 2218 658 2283; baseline -0.008 -15"><span class='ocrx_word' id='word_1_188' title='bbox 141 2218 248 2268; x_wconf 68' lang='lat' dir='ltr'><strong>Testatus</strong></span> <span class='ocrx_word' id='word_1_189' title='bbox 254 2235 353 2276; x_wconf 86' lang='lat' dir='ltr'><strong>morsus,</strong></span> <span class='ocrx_word' id='word_1_190' title='bbox 371 2219 444 2268; x_wconf 74' lang='lat' dir='ltr'><strong>subiti</strong></span> <span class='ocrx_word' id='word_1_191' title='bbox 454 2219 550 2283; x_wconf 80' lang='lat' dir='ltr'><strong>cniigiue</strong></span> <span class='ocrx_word' id='word_1_192' title='bbox 560 2226 658 2266; x_wconf 89' lang='lat' dir='ltr'><strong>mortem</strong></span> 
     </span>
    </p>
   </div>
   <div class='ocr_carea' id='block_1_4' title="bbox 139 2282 740 2348">
    <p class='ocr_par' dir='ltr' id='par_1_17' title="bbox 139 2250 845 2348">
     <span class='ocr_line' id='line_1_33' title="bbox 139 2282 740 2348; baseline -0.004 -14"><span class='ocrx_word' id='word_1_193' title='bbox 139 2284 238 2347; x_wconf 86' lang='lat' dir='ltr'><strong>Accipis,</strong></span> <span class='ocrx_word' id='word_1_194' title='bbox 250 2292 273 2332; x_wconf 90' lang='lat' dir='ltr'><strong>et</strong></span> <span class='ocrx_word' id='word_1_195' title='bbox 285 2285 377 2348; x_wconf 82' lang='lat' dir='ltr'><strong>Stygias</strong></span> <span class='ocrx_word' id='word_1_196' title='bbox 388 2299 467 2346; x_wconf 85' lang='lat' dir='ltr'><strong>somno</strong></span> <span class='ocrx_word' id='word_1_197' title='bbox 479 2285 595 2332; x_wconf 85' lang='lat' dir='ltr'><strong>descendis</strong></span> <span class='ocrx_word' id='word_1_198' title='bbox 605 2284 634 2329; x_wconf 84' lang='lat' dir='ltr'><strong>ad</strong></span> <span class='ocrx_word' id='word_1_199' title='bbox 643 2282 740 2331; x_wconf 80' lang='lat' dir='ltr'><strong>runbras.</strong></span> 
     </span>
    </p>
   </div>
   <div class='ocr_carea' id='block_1_5' title="bbox 139 2349 805 2788">
    <p class='ocr_par' dir='ltr' id='par_1_18' title="bbox 139 2349 805 2788">
     <span class='ocr_line' id='line_1_34' title="bbox 140 2349 647 2414; baseline -0.008 -16"><span class='ocrx_word' id='word_1_200' title='bbox 140 2349 196 2398; x_wconf 88' lang='lat' dir='ltr'><strong>Non</strong></span> <span class='ocrx_word' id='word_1_201' title='bbox 207 2357 254 2396; x_wconf 84' lang='lat' dir='ltr'><strong>tam</strong></span> <span class='ocrx_word' id='word_1_202' title='bbox 264 2349 339 2397; x_wconf 81' lang='lat' dir='ltr'><strong>veioci&#39;</strong></span> <span class='ocrx_word' id='word_1_203' title='bbox 348 2357 495 2414; x_wconf 87' lang='lat' dir='ltr'><strong>corrumpunt</strong></span> <span class='ocrx_word' id='word_1_204' title='bbox 504 2349 647 2411; x_wconf 69' lang='lat' dir='ltr'><strong>poenalem,</strong></span> 
     </span>
     <span class='ocr_line' id='line_1_35' title="bbox 140 2412 805 2480; baseline -0.002 -16"><span class='ocrx_word' id='word_1_205' title='bbox 140 2415 222 2478; x_wconf 82' lang='lat' dir='ltr'><strong>Stipite</strong></span> <span class='ocrx_word' id='word_1_206' title='bbox 248 2419 283 2462; x_wconf 77' lang='lat' dir='ltr'><strong>use</strong></span> <span class='ocrx_word' id='word_1_207' title='bbox 294 2415 342 2462; x_wconf 89' lang='lat' dir='ltr'><strong>diro</strong></span> <span class='ocrx_word' id='word_1_208' title='bbox 352 2417 428 2480; x_wconf 69' lang='lat' dir='ltr'><strong>uirgas</strong></span> <span class='ocrx_word' id='word_1_209' title='bbox 438 2415 533 2462; x_wconf 81' lang='lat' dir='ltr'><strong>mentitu</strong></span> <span class='ocrx_word' id='word_1_210' title='bbox 544 2412 635 2460; x_wconf 83' lang='lat' dir='ltr'><strong>Sabaess</strong></span> <span class='ocrx_word' id='word_1_211' title='bbox 757 2413 805 2463; x_wconf 65' lang='lat'><strong>820</strong></span> 
     </span>
     <span class='ocr_line' id='line_1_36' title="bbox 139 2429 618 2548; baseline -0.004 -20"><span class='ocrx_word' id='word_1_212' title='bbox 139 2478 228 2548; x_wconf 65' lang='lat' dir='ltr'><strong>Tunica</strong></span> <span class='ocrx_word' id='word_1_213' title='bbox 232 2429 325 2542; x_wconf 52' lang='lat' dir='ltr'><strong>‘istilegi</strong></span> <span class='ocrx_word' id='word_1_214' title='bbox 336 2486 430 2543; x_wconf 85' lang='lat' dir='ltr'><strong>carpunt</strong></span> <span class='ocrx_word' id='word_1_215' title='bbox 440 2486 528 2527; x_wconf 74' lang='lat' dir='ltr'><strong>maturo</strong></span> <span class='ocrx_word' id='word_1_216' title='bbox 539 2477 618 2526; x_wconf 77' lang='lat' dir='ltr'><strong>sobaei.</strong></span> 
     </span>
     <span class='ocr_line' id='line_1_37' title="bbox 158 2542 711 2606; baseline -0.004 -14"><span class='ocrx_word' id='word_1_217' title='bbox 158 2553 160 2560; x_wconf 83' lang='grc'><em>’</em></span> <span class='ocrx_word' id='word_1_218' title='bbox 171 2545 236 2592; x_wconf 89' lang='lat' dir='ltr'><strong>Ecce</strong></span> <span class='ocrx_word' id='word_1_219' title='bbox 245 2545 323 2606; x_wconf 89' lang='lat' dir='ltr'><strong>procul</strong></span> <span class='ocrx_word' id='word_1_220' title='bbox 334 2559 409 2594; x_wconf 82' lang='lat' dir='ltr'><strong>saevus</strong></span> <span class='ocrx_word' id='word_1_221' title='bbox 420 2545 501 2593; x_wconf 86' lang='lat' dir='ltr'><strong>sterilis</strong></span> <span class='ocrx_word' id='word_1_222' title='bbox 513 2559 538 2591; x_wconf 88' lang='lat' dir='ltr'><strong>se</strong></span> <span class='ocrx_word' id='word_1_223' title='bbox 547 2542 627 2590; x_wconf 84' lang='lat' dir='ltr'><strong>robore</strong></span> <span class='ocrx_word' id='word_1_224' title='bbox 636 2544 711 2590; x_wconf 90' lang='lat' dir='ltr'><strong>trunci</strong></span> 
     </span>
     <span class='ocr_line' id='line_1_38' title="bbox 139 2606 792 2674; baseline -0.006 -16"><span class='ocrx_word' id='word_1_225' title='bbox 139 2609 218 2658; x_wconf 80' lang='lat' dir='ltr'><strong>Torsit</strong></span> <span class='ocrx_word' id='word_1_226' title='bbox 228 2615 252 2656; x_wconf 86' lang='lat' dir='ltr'><strong>et</strong></span> <span class='ocrx_word' id='word_1_227' title='bbox 262 2606 348 2662; x_wconf 79' lang='lat' dir='ltr'><strong>inmisit</strong></span> <span class='ocrx_word' id='word_1_228' title='bbox 360 2609 477 2674; x_wconf 87' lang='lat' dir='ltr'><strong>(Jaculum</strong></span> <span class='ocrx_word' id='word_1_229' title='bbox 488 2616 556 2656; x_wconf 79' lang='lat' dir='ltr'><strong>vocat</strong></span> <span class='ocrx_word' id='word_1_230' title='bbox 566 2606 656 2669; x_wconf 77' lang='lat' dir='ltr'><strong>Africa)</strong></span> <span class='ocrx_word' id='word_1_231' title='bbox 668 2613 792 2674; x_wconf 54' lang='lat' dir='ltr'><strong>serpens„</strong></span> 
     </span>
     <span class='ocr_line' id='line_1_39' title="bbox 140 2668 758 2738; baseline -0.011 -14"><span class='ocrx_word' id='word_1_232' title='bbox 140 2672 229 2738; x_wconf 84' lang='lat' dir='ltr'><strong>Perque</strong></span> <span class='ocrx_word' id='word_1_233' title='bbox 239 2681 306 2738; x_wconf 80' lang='lat' dir='ltr'><strong>ceput</strong></span> <span class='ocrx_word' id='word_1_234' title='bbox 317 2673 391 2724; x_wconf 79' lang='lat' dir='ltr'><strong>Paulli</strong></span> <span class='ocrx_word' id='word_1_235' title='bbox 402 2681 558 2736; x_wconf 77' lang='lat' dir='ltr'><strong>transactoque</strong></span> <span class='ocrx_word' id='word_1_236' title='bbox 568 2668 758 2738; x_wconf 65' lang='lat' dir='ltr'><strong>tempora-rugus</strong></span> 
     </span>
     <span class='ocr_line' id='line_1_40' title="bbox 483 2743 522 2788; baseline -0.051 0"><span class='ocrx_word' id='word_1_237' title='bbox 483 2743 522 2788; x_wconf 69' lang='lat'><strong>⁸3</strong></span> 
     </span>
    </p>
   </div>
   <div class='ocr_carea' id='block_1_6' title="bbox 0 0 946 2950">
    <p class='ocr_par' dir='ltr' id='par_1_19' title="bbox 0 0 946 2950">
     <span class='ocr_line' id='line_1_41' title="bbox 0 0 946 2950; baseline 0 0"><span class='ocrx_word' id='word_1_238' title='bbox 0 0 946 2950; x_wconf 95' lang='lat' dir='ltr'><strong> </strong></span> 
     </span>
    </p>
   </div>
   <div class='ocr_carea' id='block_1_7' title="bbox 873 2774 939 2934">
    <p class='ocr_par' dir='ltr' id='par_1_20' title="bbox 873 2774 939 2934">
     <span class='ocr_line' id='line_1_42' title="bbox 873 2774 939 2934; baseline 0 0"><span class='ocrx_word' id='word_1_239' title='bbox 873 2774 939 2934; x_wconf 64' lang='lat' dir='ltr'><em>A</em></span> 
     </span>
    </p>
   </div>
  </div>
 </body>
</html>
