<?xml version="1.0" encoding="UTF-8"?>
<!DOCTYPE html PUBLIC "-//W3C//DTD XHTML 1.0 Transitional//EN"
    "http://www.w3.org/TR/xhtml1/DTD/xhtml1-transitional.dtd">
<html xmlns="http://www.w3.org/1999/xhtml" xml:lang="en" lang="en">
 <head>
  <title>
</title>
<meta http-equiv="Content-Type" content="text/html;charset=utf-8" />
  <meta name='ocr-system' content='tesseract 3.04.00' />
  <meta name='ocr-capabilities' content='ocr_page ocr_carea ocr_par ocr_line ocrx_word'/>
</head>
<body>
  <div class='ocr_page' id='page_1' title='image "./marciaennaeiluc00maygoog_0103.png"; bbox 0 0 1884 2950; ppageno 0'>
   <div class='ocr_carea' id='block_1_1' title="bbox 314 101 804 160">
    <p class='ocr_par' dir='ltr' id='par_1_1' title="bbox 314 101 804 160">
     <span class='ocr_line' id='line_1_1' title="bbox 314 101 804 160; baseline 0.018 -10"><span class='ocrx_word' id='word_1_1' title='bbox 314 101 522 158; x_wconf 76' lang='lat' dir='ltr'><strong>PHARsALIAE</strong></span> <span class='ocrx_word' id='word_1_2' title='bbox 537 107 590 155; x_wconf 82' lang='lat' dir='ltr'><strong>Lu.</strong></span> <span class='ocrx_word' id='word_1_3' title='bbox 602 109 632 155; x_wconf 86' lang='lat' dir='ltr'><strong>V.</strong></span> <span class='ocrx_word' id='word_1_4' title='bbox 770 117 804 160; x_wconf 80' lang='lat'><strong>⁸9</strong></span> 
     </span>
    </p>
   </div>
   <div class='ocr_carea' id='block_1_2' title="bbox 135 231 806 746">
    <p class='ocr_par' dir='ltr' id='par_1_2' title="bbox 137 231 785 302">
     <span class='ocr_line' id='line_1_2' title="bbox 137 231 785 302; baseline 0.011 -22"><span class='ocrx_word' id='word_1_5' title='bbox 137 231 234 289; x_wconf 62' lang='lat' dir='ltr'><strong>curan</strong></span> <span class='ocrx_word' id='word_1_6' title='bbox 249 232 785 302; x_wconf 70' lang='lat' dir='ltr'><strong>seduttiunidusBorsoepostilarninspontus</strong></span> 
     </span>
    </p>

    <p class='ocr_par' dir='ltr' id='par_1_3' title="bbox 135 297 729 426">
     <span class='ocr_line' id='line_1_3' title="bbox 135 297 711 364; baseline 0.012 -20"><span class='ocrx_word' id='word_1_7' title='bbox 135 297 219 344; x_wconf 75' lang='lat' dir='ltr'><strong>Rauca</strong></span> <span class='ocrx_word' id='word_1_8' title='bbox 228 299 307 359; x_wconf 72' lang='lat' dir='ltr'><strong>gemit,</strong></span> <span class='ocrx_word' id='word_1_9' title='bbox 318 299 350 345; x_wconf 90' lang='lat' dir='ltr'><strong>sic</strong></span> <span class='ocrx_word' id='word_1_10' title='bbox 360 302 430 348; x_wconf 86' lang='lat' dir='ltr'><strong>multa</strong></span> <span class='ocrx_word' id='word_1_11' title='bbox 440 301 516 348; x_wconf 78' lang='lat' dir='ltr'><strong>levant</strong></span> <span class='ocrx_word' id='word_1_12' title='bbox 525 305 619 364; x_wconf 75' lang='lat' dir='ltr'><strong>suspiria</strong></span> <span class='ocrx_word' id='word_1_13' title='bbox 628 311 711 350; x_wconf 78' lang='lat' dir='ltr'><strong>veteru.</strong></span> 
     </span>
     <span class='ocr_line' id='line_1_4' title="bbox 170 361 729 426; baseline 0.013 -18"><span class='ocrx_word' id='word_1_14' title='bbox 170 361 281 423; x_wconf 84' lang='lat' dir='ltr'>Dumque</span> <span class='ocrx_word' id='word_1_15' title='bbox 291 361 305 408; x_wconf 78' lang='lat' dir='ltr'><strong>i</strong></span> <span class='ocrx_word' id='word_1_16' title='bbox 314 363 364 410; x_wconf 87' lang='lat' dir='ltr'><strong>luce</strong></span> <span class='ocrx_word' id='word_1_17' title='bbox 375 364 442 419; x_wconf 70' lang='lat' dir='ltr'><strong>saort,</strong></span> <span class='ocrx_word' id='word_1_18' title='bbox 453 366 498 426; x_wconf 73' lang='lat' dir='ltr'><strong>qui</strong></span> <span class='ocrx_word' id='word_1_19' title='bbox 507 367 563 414; x_wconf 84' lang='lat' dir='ltr'><strong>vidit</strong></span> <span class='ocrx_word' id='word_1_20' title='bbox 571 367 623 421; x_wconf 77' lang='lat' dir='ltr'><strong>tata,</strong></span> <span class='ocrx_word' id='word_1_21' title='bbox 634 368 729 415; x_wconf 76' lang='lat' dir='ltr'><strong>refertur</strong></span> 
     </span>
    </p>

    <p class='ocr_par' dir='ltr' id='par_1_4' title="bbox 136 427 806 489">
     <span class='ocr_line' id='line_1_5' title="bbox 136 427 806 489; baseline 0.013 -17"><span class='ocrx_word' id='word_1_22' title='bbox 136 427 177 473; x_wconf 81' lang='lat' dir='ltr'><strong>Ad</strong></span> <span class='ocrx_word' id='word_1_23' title='bbox 188 428 283 489; x_wconf 82' lang='lat' dir='ltr'><strong>vulgare</strong></span> <span class='ocrx_word' id='word_1_24' title='bbox 288 428 360 488; x_wconf 85' lang='lat' dir='ltr'><strong>jubar,</strong></span> <span class='ocrx_word' id='word_1_25' title='bbox 372 430 451 476; x_wconf 82' lang='lat' dir='ltr'><strong>mediae</strong></span> <span class='ocrx_word' id='word_1_26' title='bbox 460 428 545 478; x_wconf 74' lang='lat' dir='ltr'><strong>vendre</strong></span> <span class='ocrx_word' id='word_1_27' title='bbox 554 433 659 479; x_wconf 66' lang='lat' dir='ltr'><strong>tenebre.</strong></span> <span class='ocrx_word' id='word_1_28' title='bbox 753 438 806 481; x_wconf 69' lang='lat'><strong>22⁰</strong></span> 
     </span>
    </p>

    <p class='ocr_par' dir='ltr' id='par_1_5' title="bbox 136 490 663 554">
     <span class='ocr_line' id='line_1_6' title="bbox 136 490 663 554; baseline 0.015 -18"><span class='ocrx_word' id='word_1_29' title='bbox 136 490 230 539; x_wconf 82' lang='lat' dir='ltr'><strong>Inmisit</strong></span> <span class='ocrx_word' id='word_1_30' title='bbox 241 492 344 554; x_wconf 80' lang='lat' dir='ltr'>Stygiam</span> <span class='ocrx_word' id='word_1_31' title='bbox 358 493 427 540; x_wconf 86' lang='lat' dir='ltr'><strong>Paean</strong></span> <span class='ocrx_word' id='word_1_32' title='bbox 438 496 461 540; x_wconf 85' lang='lat' dir='ltr'><strong>in</strong></span> <span class='ocrx_word' id='word_1_33' title='bbox 472 496 557 542; x_wconf 82' lang='lat' dir='ltr'><strong>viscera</strong></span> <span class='ocrx_word' id='word_1_34' title='bbox 568 495 663 550; x_wconf 67' lang='lat' dir='ltr'><strong>letheo,</strong></span> 
     </span>
    </p>

    <p class='ocr_par' dir='ltr' id='par_1_6' title="bbox 135 555 758 623">
     <span class='ocr_line' id='line_1_7' title="bbox 135 555 758 623; baseline 0.011 -21"><span class='ocrx_word' id='word_1_35' title='bbox 135 555 200 610; x_wconf 78' lang='lat' dir='ltr'><strong>Quae</strong></span> <span class='ocrx_word' id='word_1_36' title='bbox 211 564 297 618; x_wconf 83' lang='lat' dir='ltr'><strong>raperet</strong></span> <span class='ocrx_word' id='word_1_37' title='bbox 307 566 392 606; x_wconf 75' lang='lat' dir='ltr'><strong>secreta</strong></span> <span class='ocrx_word' id='word_1_38' title='bbox 403 559 482 606; x_wconf 76' lang='lat' dir='ltr'><strong>Derim</strong></span> <span class='ocrx_word' id='word_1_39' title='bbox 491 577 497 604; x_wconf 74' lang='grc' dir='ltr'><strong>ι</strong></span> <span class='ocrx_word' id='word_1_40' title='bbox 516 568 570 606; x_wconf 88' lang='lat' dir='ltr'><strong>tunc</strong></span> <span class='ocrx_word' id='word_1_41' title='bbox 580 570 669 623; x_wconf 85' lang='lat' dir='ltr'><strong>pectore</strong></span> <span class='ocrx_word' id='word_1_42' title='bbox 680 577 758 609; x_wconf 83' lang='lat' dir='ltr'><strong>verum</strong></span> 
     </span>
    </p>

    <p class='ocr_par' dir='ltr' id='par_1_7' title="bbox 136 619 682 686">
     <span class='ocr_line' id='line_1_8' title="bbox 136 619 682 686; baseline 0.013 -20"><span class='ocrx_word' id='word_1_43' title='bbox 136 619 217 682; x_wconf 78' lang='lat' dir='ltr'><strong>Fugit,</strong></span> <span class='ocrx_word' id='word_1_44' title='bbox 228 629 252 668; x_wconf 91' lang='lat' dir='ltr'><strong>et</strong></span> <span class='ocrx_word' id='word_1_45' title='bbox 262 622 290 667; x_wconf 91' lang='lat' dir='ltr'><strong>ad</strong></span> <span class='ocrx_word' id='word_1_46' title='bbox 301 621 380 671; x_wconf 88' lang='lat' dir='ltr'><strong>Phoebi</strong></span> <span class='ocrx_word' id='word_1_47' title='bbox 391 623 489 686; x_wconf 75' lang='lat' dir='ltr'>tripodas</span> <span class='ocrx_word' id='word_1_48' title='bbox 499 621 583 671; x_wconf 73' lang='lat' dir='ltr'><strong>redidre</strong></span> <span class='ocrx_word' id='word_1_49' title='bbox 593 624 682 684; x_wconf 76' lang='lat' dir='ltr'><strong>futura5</strong></span> 
     </span>
    </p>

    <p class='ocr_par' dir='ltr' id='par_1_8' title="bbox 135 683 640 746">
     <span class='ocr_line' id='line_1_9' title="bbox 135 683 640 746; baseline 0.014 -16"><span class='ocrx_word' id='word_1_50' title='bbox 135 683 231 746; x_wconf 75' lang='lat' dir='ltr'><strong>Virque</strong></span> <span class='ocrx_word' id='word_1_51' title='bbox 242 685 323 734; x_wconf 79' lang='lat' dir='ltr'><strong>refecta</strong></span> <span class='ocrx_word' id='word_1_52' title='bbox 333 689 391 736; x_wconf 84' lang='lat' dir='ltr'><strong>cadit</strong></span> <span class='ocrx_word' id='word_1_53' title='bbox 399 706 405 734; x_wconf 73' lang='grc' dir='ltr'><strong>ι</strong></span> <span class='ocrx_word' id='word_1_54' title='bbox 425 703 466 734; x_wconf 87' lang='lat' dir='ltr'><strong>nec</strong></span> <span class='ocrx_word' id='word_1_55' title='bbox 477 696 501 735; x_wconf 90' lang='lat' dir='ltr'><strong>te</strong></span> <span class='ocrx_word' id='word_1_56' title='bbox 510 689 592 736; x_wconf 83' lang='lat' dir='ltr'><strong>vicinis</strong></span> <span class='ocrx_word' id='word_1_57' title='bbox 601 690 640 737; x_wconf 87' lang='lat' dir='ltr'><strong>leti</strong></span> 
     </span>
    </p>
   </div>
   <div class='ocr_carea' id='block_1_3' title="bbox 33 749 695 816">
    <p class='ocr_par' dir='ltr' id='par_1_9' title="bbox 33 749 695 816">
     <span class='ocr_line' id='line_1_10' title="bbox 33 749 695 816; baseline 0.018 -24"><span class='ocrx_word' id='word_1_58' title='bbox 33 780 37 784; x_wconf 90' lang='lat'>-</span> <span class='ocrx_word' id='word_1_59' title='bbox 134 749 238 796; x_wconf 78' lang='lat' dir='ltr'><strong>Territat</strong></span> <span class='ocrx_word' id='word_1_60' title='bbox 248 752 356 814; x_wconf 76' lang='lat' dir='ltr'>ambiguis</span> <span class='ocrx_word' id='word_1_61' title='bbox 365 753 496 799; x_wconf 84' lang='lat' dir='ltr'><strong>frustratum</strong></span> <span class='ocrx_word' id='word_1_62' title='bbox 506 754 607 809; x_wconf 75' lang='lat' dir='ltr'><strong>aortrltus.</strong></span> <span class='ocrx_word' id='word_1_63' title='bbox 619 756 695 816; x_wconf 81' lang='lat' dir='ltr'><strong>Appl3</strong></span> 
     </span>
    </p>
   </div>
   <div class='ocr_carea' id='block_1_4' title="bbox 131 814 800 2365">
    <p class='ocr_par' dir='ltr' id='par_1_10' title="bbox 134 814 662 879">
     <span class='ocr_line' id='line_1_11' title="bbox 134 814 662 879; baseline 0.004 -17"><span class='ocrx_word' id='word_1_64' title='bbox 134 814 194 862; x_wconf 87' lang='lat' dir='ltr'><strong>Jure</strong></span> <span class='ocrx_word' id='word_1_65' title='bbox 204 815 246 861; x_wconf 84' lang='lat' dir='ltr'><strong>sed</strong></span> <span class='ocrx_word' id='word_1_66' title='bbox 254 816 339 864; x_wconf 89' lang='lat' dir='ltr'><strong>incerto</strong></span> <span class='ocrx_word' id='word_1_67' title='bbox 349 815 432 871; x_wconf 73' lang='lat' dir='ltr'><strong>mundl</strong></span> <span class='ocrx_word' id='word_1_68' title='bbox 445 818 557 864; x_wconf 77' lang='lat' dir='ltr'>subsidere</span> <span class='ocrx_word' id='word_1_69' title='bbox 566 833 662 879; x_wconf 80' lang='lat' dir='ltr'><strong>regnum</strong></span> 
     </span>
    </p>

    <p class='ocr_par' dir='ltr' id='par_1_11' title="bbox 134 879 689 945">
     <span class='ocr_line' id='line_1_12' title="bbox 134 879 689 945; baseline 0.011 -17"><span class='ocrx_word' id='word_1_70' title='bbox 134 879 258 928; x_wconf 75' lang='lat' dir='ltr'><strong>Chalcidos</strong></span> <span class='ocrx_word' id='word_1_71' title='bbox 269 879 383 937; x_wconf 70' lang='lat' dir='ltr'><strong>EuboIcae</strong></span> <span class='ocrx_word' id='word_1_72' title='bbox 394 880 453 928; x_wconf 77' lang='lat' dir='ltr'><strong>vast</strong></span> <span class='ocrx_word' id='word_1_73' title='bbox 463 897 503 942; x_wconf 83' lang='lat' dir='ltr'><strong>spe</strong></span> <span class='ocrx_word' id='word_1_74' title='bbox 513 890 580 945; x_wconf 66' lang='lat' dir='ltr'><strong>rapte,</strong></span> <span class='ocrx_word' id='word_1_75' title='bbox 592 885 689 944; x_wconf 70' lang='lat' dir='ltr'><strong>pambas·</strong></span> 
     </span>
    </p>

    <p class='ocr_par' dir='ltr' id='par_1_12' title="bbox 135 943 681 1010">
     <span class='ocr_line' id='line_1_13' title="bbox 135 943 681 1010; baseline 0.007 -20"><span class='ocrx_word' id='word_1_76' title='bbox 135 943 194 991; x_wconf 84' lang='lat' dir='ltr'><strong>Heu</strong></span> <span class='ocrx_word' id='word_1_77' title='bbox 205 945 302 999; x_wconf 82' lang='lat' dir='ltr'><strong>demens,</strong></span> <span class='ocrx_word' id='word_1_78' title='bbox 314 947 399 994; x_wconf 88' lang='lat' dir='ltr'><strong>nullum</strong></span> <span class='ocrx_word' id='word_1_79' title='bbox 410 947 461 992; x_wconf 89' lang='lat' dir='ltr'><strong>belli</strong></span> <span class='ocrx_word' id='word_1_80' title='bbox 472 948 554 993; x_wconf 88' lang='lat' dir='ltr'><strong>sentire</strong></span> <span class='ocrx_word' id='word_1_81' title='bbox 563 947 681 1010; x_wconf 79' lang='lat' dir='ltr'><strong>fragorem,</strong></span> 
     </span>
    </p>

    <p class='ocr_par' dir='ltr' id='par_1_13' title="bbox 134 1009 695 1072">
     <span class='ocr_line' id='line_1_14' title="bbox 134 1009 695 1072; baseline 0.011 -17"><span class='ocrx_word' id='word_1_82' title='bbox 134 1009 184 1056; x_wconf 88' lang='lat' dir='ltr'><strong>Tot</strong></span> <span class='ocrx_word' id='word_1_83' title='bbox 195 1010 272 1055; x_wconf 89' lang='lat' dir='ltr'><strong>mundi</strong></span> <span class='ocrx_word' id='word_1_84' title='bbox 282 1012 378 1057; x_wconf 73' lang='lat' dir='ltr'><strong>caruisse</strong></span> <span class='ocrx_word' id='word_1_85' title='bbox 389 1011 458 1065; x_wconf 86' lang='lat' dir='ltr'><strong>malis,</strong></span> <span class='ocrx_word' id='word_1_86' title='bbox 469 1020 575 1072; x_wconf 69' lang='lat' dir='ltr'><strong>praestaro</strong></span> <span class='ocrx_word' id='word_1_87' title='bbox 585 1011 695 1067; x_wconf 83' lang='lat' dir='ltr'><strong>Deomm,</strong></span> 
     </span>
    </p>

    <p class='ocr_par' dir='ltr' id='par_1_14' title="bbox 135 1072 800 1138">
     <span class='ocr_line' id='line_1_15' title="bbox 135 1072 800 1138; baseline 0.008 -18"><span class='ocrx_word' id='word_1_88' title='bbox 135 1072 248 1134; x_wconf 62' lang='lat' dir='ltr'><strong>Excepta,</strong></span> <span class='ocrx_word' id='word_1_89' title='bbox 259 1073 314 1134; x_wconf 80' lang='lat' dir='ltr'><strong>quls</strong></span> <span class='ocrx_word' id='word_1_90' title='bbox 325 1083 404 1130; x_wconf 70' lang='lat' dir='ltr'><strong>morte,</strong></span> <span class='ocrx_word' id='word_1_91' title='bbox 415 1074 507 1138; x_wconf 75' lang='lat' dir='ltr'><strong>potest?</strong></span> <span class='ocrx_word' id='word_1_92' title='bbox 523 1084 608 1122; x_wconf 84' lang='lat' dir='ltr'><strong>secreta</strong></span> <span class='ocrx_word' id='word_1_93' title='bbox 617 1078 702 1125; x_wconf 81' lang='lat' dir='ltr'><strong>tenebis</strong></span> <span class='ocrx_word' id='word_1_94' title='bbox 751 1081 800 1124; x_wconf 64' lang='lat' dir='ltr'><strong>wo</strong></span> 
     </span>
    </p>

    <p class='ocr_par' dir='ltr' id='par_1_15' title="bbox 135 1137 670 1196">
     <span class='ocr_line' id='line_1_16' title="bbox 135 1137 670 1196; baseline 0.004 -12"><span class='ocrx_word' id='word_1_95' title='bbox 135 1137 222 1184; x_wconf 89' lang='lat' dir='ltr'><strong>Litoris</strong></span> <span class='ocrx_word' id='word_1_96' title='bbox 233 1137 335 1193; x_wconf 83' lang='lat' dir='ltr'><strong>Euboici,</strong></span> <span class='ocrx_word' id='word_1_97' title='bbox 347 1140 491 1186; x_wconf 86' lang='lat' dir='ltr'><strong>memorando</strong></span> <span class='ocrx_word' id='word_1_98' title='bbox 500 1141 589 1186; x_wconf 85' lang='lat' dir='ltr'><strong>condite</strong></span> <span class='ocrx_word' id='word_1_99' title='bbox 597 1142 670 1196; x_wconf 81' lang='lat' dir='ltr'><strong>busto,</strong></span> 
     </span>
    </p>

    <p class='ocr_par' dir='ltr' id='par_1_16' title="bbox 133 1199 683 1265">
     <span class='ocr_line' id='line_1_17' title="bbox 133 1199 683 1265; baseline 0.009 -17"><span class='ocrx_word' id='word_1_100' title='bbox 133 1199 191 1257; x_wconf 68' lang='lat' dir='ltr'><strong>Qut</strong></span> <span class='ocrx_word' id='word_1_101' title='bbox 202 1202 268 1250; x_wconf 87' lang='lat' dir='ltr'><strong>maris</strong></span> <span class='ocrx_word' id='word_1_102' title='bbox 278 1212 382 1264; x_wconf 82' lang='lat' dir='ltr'><strong>angustat</strong></span> <span class='ocrx_word' id='word_1_103' title='bbox 391 1205 467 1253; x_wconf 86' lang='lat' dir='ltr'><strong>fauces</strong></span> <span class='ocrx_word' id='word_1_104' title='bbox 477 1219 557 1252; x_wconf 82' lang='lat' dir='ltr'><strong>saxosa</strong></span> <span class='ocrx_word' id='word_1_105' title='bbox 568 1203 683 1265; x_wconf 79' lang='lat' dir='ltr'><strong>Carystos,</strong></span> 
     </span>
    </p>

    <p class='ocr_par' dir='ltr' id='par_1_17' title="bbox 135 1266 715 1330">
     <span class='ocr_line' id='line_1_18' title="bbox 135 1266 715 1330; baseline 0.005 -16"><span class='ocrx_word' id='word_1_106' title='bbox 135 1267 171 1314; x_wconf 89' lang='lat' dir='ltr'><strong>Et</strong></span> <span class='ocrx_word' id='word_1_107' title='bbox 181 1266 273 1314; x_wconf 84' lang='lat' dir='ltr'><strong>tumidis</strong></span> <span class='ocrx_word' id='word_1_108' title='bbox 282 1267 363 1315; x_wconf 80' lang='lat' dir='ltr'><strong>infesta</strong></span> <span class='ocrx_word' id='word_1_109' title='bbox 372 1270 425 1316; x_wconf 88' lang='lat' dir='ltr'><strong>colit</strong></span> <span class='ocrx_word' id='word_1_110' title='bbox 435 1266 479 1330; x_wconf 78' lang='lat' dir='ltr'><strong>qul</strong></span> <span class='ocrx_word' id='word_1_111' title='bbox 489 1271 581 1316; x_wconf 89' lang='lat' dir='ltr'><strong>numina</strong></span> <span class='ocrx_word' id='word_1_112' title='bbox 591 1269 715 1325; x_wconf 85' lang='lat' dir='ltr'><strong>Rhamnus,</strong></span> 
     </span>
    </p>

    <p class='ocr_par' dir='ltr' id='par_1_18' title="bbox 135 1331 650 1396">
     <span class='ocr_line' id='line_1_19' title="bbox 135 1331 650 1396; baseline 0.002 -17"><span class='ocrx_word' id='word_1_113' title='bbox 135 1333 233 1382; x_wconf 78' lang='lat' dir='ltr'><strong>Artatus</strong></span> <span class='ocrx_word' id='word_1_114' title='bbox 244 1332 318 1392; x_wconf 88' lang='lat' dir='ltr'><strong>rapido</strong></span> <span class='ocrx_word' id='word_1_115' title='bbox 328 1333 400 1380; x_wconf 81' lang='lat' dir='ltr'><strong>fervet</strong></span> <span class='ocrx_word' id='word_1_116' title='bbox 409 1331 453 1394; x_wconf 78' lang='lat' dir='ltr'><strong>qud</strong></span> <span class='ocrx_word' id='word_1_117' title='bbox 462 1335 553 1396; x_wconf 79' lang='lat' dir='ltr'><strong>gurgite</strong></span> <span class='ocrx_word' id='word_1_118' title='bbox 562 1342 650 1396; x_wconf 82' lang='lat' dir='ltr'><strong>pontus,</strong></span> 
     </span>
    </p>

    <p class='ocr_par' dir='ltr' id='par_1_19' title="bbox 134 1395 686 1458">
     <span class='ocr_line' id='line_1_20' title="bbox 134 1395 686 1458; baseline 0.002 -14"><span class='ocrx_word' id='word_1_119' title='bbox 134 1395 279 1458; x_wconf 81' lang='lat' dir='ltr'><strong>Euripusque</strong></span> <span class='ocrx_word' id='word_1_120' title='bbox 289 1399 362 1452; x_wconf 81' lang='lat' dir='ltr'><strong>trahit,</strong></span> <span class='ocrx_word' id='word_1_121' title='bbox 369 1413 458 1444; x_wconf 88' lang='lat' dir='ltr'><strong>cursum</strong></span> <span class='ocrx_word' id='word_1_122' title='bbox 469 1400 604 1446; x_wconf 85' lang='lat' dir='ltr'><strong>mutantibus</strong></span> <span class='ocrx_word' id='word_1_123' title='bbox 613 1400 686 1453; x_wconf 75' lang='lat' dir='ltr'><strong>undis,</strong></span> 
     </span>
    </p>

    <p class='ocr_par' dir='ltr' id='par_1_20' title="bbox 137 1460 722 1584">
     <span class='ocr_line' id='line_1_21' title="bbox 137 1460 722 1525; baseline 0 -14"><span class='ocrx_word' id='word_1_124' title='bbox 137 1460 277 1511; x_wconf 80' lang='lat' dir='ltr'><strong>Chalcidicas</strong></span> <span class='ocrx_word' id='word_1_125' title='bbox 287 1478 370 1525; x_wconf 82' lang='lat' dir='ltr'><strong>puppes</strong></span> <span class='ocrx_word' id='word_1_126' title='bbox 381 1463 409 1509; x_wconf 86' lang='lat' dir='ltr'><strong>ad</strong></span> <span class='ocrx_word' id='word_1_127' title='bbox 419 1464 518 1524; x_wconf 86' lang='lat' dir='ltr'><strong>iniquam</strong></span> <span class='ocrx_word' id='word_1_128' title='bbox 528 1463 634 1511; x_wconf 73' lang='lat' dir='ltr'><strong>clasnlsus</strong></span> <span class='ocrx_word' id='word_1_129' title='bbox 644 1463 722 1511; x_wconf 82' lang='lat' dir='ltr'><strong>Aulin.</strong></span> 
     </span>
     <span class='ocr_line' id='line_1_22' title="bbox 168 1525 679 1584; baseline 0.008 -12"><span class='ocrx_word' id='word_1_130' title='bbox 168 1525 260 1573; x_wconf 80' lang='lat' dir='ltr'><strong>Interea</strong></span> <span class='ocrx_word' id='word_1_131' title='bbox 269 1527 359 1573; x_wconf 87' lang='lat' dir='ltr'><strong>domitis</strong></span> <span class='ocrx_word' id='word_1_132' title='bbox 369 1526 447 1577; x_wconf 80' lang='lat' dir='ltr'><strong>caesn</strong></span> <span class='ocrx_word' id='word_1_133' title='bbox 457 1530 569 1575; x_wconf 78' lang='lat' dir='ltr'><strong>retnesbat</strong></span> <span class='ocrx_word' id='word_1_134' title='bbox 580 1527 679 1584; x_wconf 78' lang='lat' dir='ltr'><strong>Hiberis,</strong></span> 
     </span>
    </p>

    <p class='ocr_par' dir='ltr' id='par_1_21' title="bbox 134 1590 646 1651">
     <span class='ocr_line' id='line_1_23' title="bbox 134 1590 646 1651; baseline 0.006 -14"><span class='ocrx_word' id='word_1_135' title='bbox 134 1590 247 1638; x_wconf 80' lang='lat' dir='ltr'><strong>Victrices</strong></span> <span class='ocrx_word' id='word_1_136' title='bbox 255 1592 338 1651; x_wconf 79' lang='lat' dir='ltr'><strong>aquilas</strong></span> <span class='ocrx_word' id='word_1_137' title='bbox 348 1593 415 1639; x_wconf 87' lang='lat' dir='ltr'><strong>alium</strong></span> <span class='ocrx_word' id='word_1_138' title='bbox 425 1593 510 1639; x_wconf 76' lang='lat' dir='ltr'><strong>iuturus</strong></span> <span class='ocrx_word' id='word_1_139' title='bbox 520 1594 544 1638; x_wconf 93' lang='lat' dir='ltr'><strong>in</strong></span> <span class='ocrx_word' id='word_1_140' title='bbox 554 1595 629 1640; x_wconf 86' lang='lat' dir='ltr'><strong>orbem</strong></span> <span class='ocrx_word' id='word_1_141' title='bbox 638 1611 646 1651; x_wconf 73' lang='lat'>3</span> 
     </span>
    </p>

    <p class='ocr_par' dir='ltr' id='par_1_22' title="bbox 135 1655 716 1735">
     <span class='ocr_line' id='line_1_24' title="bbox 135 1655 716 1735; baseline 0.002 -30"><span class='ocrx_word' id='word_1_142' title='bbox 135 1655 197 1705; x_wconf 87' lang='lat' dir='ltr'><strong>Cum</strong></span> <span class='ocrx_word' id='word_1_143' title='bbox 207 1670 275 1735; x_wconf 80' lang='lat' dir='ltr'><strong>prope</strong></span> <span class='ocrx_word' id='word_1_144' title='bbox 285 1656 381 1703; x_wconf 83' lang='lat' dir='ltr'><strong>satorum</strong></span> <span class='ocrx_word' id='word_1_145' title='bbox 391 1664 465 1703; x_wconf 76' lang='lat' dir='ltr'><strong>tantos</strong></span> <span class='ocrx_word' id='word_1_146' title='bbox 475 1672 515 1719; x_wconf 81' lang='lat' dir='ltr'><strong>per</strong></span> <span class='ocrx_word' id='word_1_147' title='bbox 524 1672 629 1719; x_wconf 85' lang='lat' dir='ltr'><strong>prospera</strong></span> <span class='ocrx_word' id='word_1_148' title='bbox 636 1674 716 1707; x_wconf 73' lang='lat' dir='ltr'><strong>curuis</strong></span> 
     </span>
    </p>

    <p class='ocr_par' dir='ltr' id='par_1_23' title="bbox 134 1719 797 1778">
     <span class='ocr_line' id='line_1_25' title="bbox 134 1719 797 1778; baseline 0.003 -9"><span class='ocrx_word' id='word_1_149' title='bbox 134 1721 247 1769; x_wconf 83' lang='lat' dir='ltr'><strong>Avertere</strong></span> <span class='ocrx_word' id='word_1_150' title='bbox 259 1719 312 1767; x_wconf 89' lang='lat' dir='ltr'><strong>Dei.</strong></span> <span class='ocrx_word' id='word_1_151' title='bbox 330 1720 400 1767; x_wconf 87' lang='lat' dir='ltr'><strong>Nullo</strong></span> <span class='ocrx_word' id='word_1_152' title='bbox 411 1736 462 1768; x_wconf 88' lang='lat' dir='ltr'><strong>nam</strong></span> <span class='ocrx_word' id='word_1_153' title='bbox 474 1720 551 1767; x_wconf 85' lang='lat' dir='ltr'><strong>Marte</strong></span> <span class='ocrx_word' id='word_1_154' title='bbox 560 1724 670 1778; x_wconf 84' lang='lat' dir='ltr'><strong>subactus,</strong></span> <span class='ocrx_word' id='word_1_155' title='bbox 747 1726 797 1771; x_wconf 76' lang='lat'><strong>240</strong></span> 
     </span>
    </p>

    <p class='ocr_par' dir='ltr' id='par_1_24' title="bbox 136 1782 605 1833">
     <span class='ocr_line' id='line_1_26' title="bbox 136 1782 605 1833; baseline 0.004 -2"><span class='ocrx_word' id='word_1_156' title='bbox 136 1782 200 1833; x_wconf 87' lang='lat' dir='ltr'><strong>Intra</strong></span> <span class='ocrx_word' id='word_1_157' title='bbox 207 1792 329 1833; x_wconf 81' lang='lat' dir='ltr'><strong>castrorum</strong></span> <span class='ocrx_word' id='word_1_158' title='bbox 340 1787 415 1833; x_wconf 80' lang='lat' dir='ltr'><strong>timuit</strong></span> <span class='ocrx_word' id='word_1_159' title='bbox 422 1787 519 1832; x_wconf 84' lang='lat' dir='ltr'><strong>tentoria</strong></span> <span class='ocrx_word' id='word_1_160' title='bbox 526 1786 605 1833; x_wconf 82' lang='lat' dir='ltr'><strong>ductor</strong></span> 
     </span>
    </p>

    <p class='ocr_par' dir='ltr' id='par_1_25' title="bbox 134 1850 731 1913">
     <span class='ocr_line' id='line_1_27' title="bbox 134 1850 731 1913; baseline 0.003 -16"><span class='ocrx_word' id='word_1_161' title='bbox 134 1850 233 1897; x_wconf 83' lang='lat' dir='ltr'><strong>Perdere</strong></span> <span class='ocrx_word' id='word_1_162' title='bbox 244 1864 359 1897; x_wconf 77' lang='lat' dir='ltr'><strong>successus</strong></span> <span class='ocrx_word' id='word_1_163' title='bbox 370 1852 478 1898; x_wconf 88' lang='lat' dir='ltr'><strong>scelerum</strong></span> <span class='ocrx_word' id='word_1_164' title='bbox 487 1867 495 1908; x_wconf 77' lang='lat'>3</span> <span class='ocrx_word' id='word_1_165' title='bbox 511 1866 563 1898; x_wconf 87' lang='lat' dir='ltr'><strong>cum</strong></span> <span class='ocrx_word' id='word_1_166' title='bbox 573 1863 643 1913; x_wconf 70' lang='lat' dir='ltr'><strong>paene</strong></span> <span class='ocrx_word' id='word_1_167' title='bbox 653 1851 731 1899; x_wconf 81' lang='lat' dir='ltr'><strong>fideles</strong></span> 
     </span>
    </p>

    <p class='ocr_par' dir='ltr' id='par_1_26' title="bbox 135 1914 748 1977">
     <span class='ocr_line' id='line_1_28' title="bbox 135 1914 748 1977; baseline 0 -16"><span class='ocrx_word' id='word_1_168' title='bbox 135 1914 180 1963; x_wconf 88' lang='lat' dir='ltr'><strong>Per</strong></span> <span class='ocrx_word' id='word_1_169' title='bbox 190 1922 225 1961; x_wconf 92' lang='lat' dir='ltr'><strong>tot</strong></span> <span class='ocrx_word' id='word_1_170' title='bbox 235 1914 292 1961; x_wconf 89' lang='lat' dir='ltr'><strong>bella</strong></span> <span class='ocrx_word' id='word_1_171' title='bbox 302 1923 388 1971; x_wconf 81' lang='lat' dir='ltr'><strong>manus,</strong></span> <span class='ocrx_word' id='word_1_172' title='bbox 404 1916 490 1963; x_wconf 69' lang='lat' dir='ltr'><strong>satiate</strong></span> <span class='ocrx_word' id='word_1_173' title='bbox 500 1918 609 1977; x_wconf 80' lang='lat' dir='ltr'><strong>sanguine</strong></span> <span class='ocrx_word' id='word_1_174' title='bbox 617 1916 713 1969; x_wconf 79' lang='lat' dir='ltr'><strong>tandem,</strong></span> <span class='ocrx_word' id='word_1_175' title='bbox 746 1971 748 1974; x_wconf 22' lang='grc' dir='ltr'>Ι</span> 
     </span>
    </p>

    <p class='ocr_par' dir='ltr' id='par_1_27' title="bbox 132 1976 723 2041">
     <span class='ocr_line' id='line_1_29' title="bbox 132 1976 723 2041; baseline 0.002 -15"><span class='ocrx_word' id='word_1_176' title='bbox 132 1976 264 2026; x_wconf 81' lang='lat' dir='ltr'><strong>Destitudre</strong></span> <span class='ocrx_word' id='word_1_177' title='bbox 274 1980 353 2027; x_wconf 88' lang='lat' dir='ltr'><strong>ducem</strong></span> <span class='ocrx_word' id='word_1_178' title='bbox 361 1998 369 2038; x_wconf 79' lang='lat'>3</span> <span class='ocrx_word' id='word_1_179' title='bbox 386 1996 426 2027; x_wconf 89' lang='lat' dir='ltr'><strong>seu</strong></span> <span class='ocrx_word' id='word_1_180' title='bbox 433 1988 515 2026; x_wconf 86' lang='lat' dir='ltr'><strong>moesto</strong></span> <span class='ocrx_word' id='word_1_181' title='bbox 524 1980 616 2027; x_wconf 85' lang='lat' dir='ltr'><strong>classica</strong></span> <span class='ocrx_word' id='word_1_182' title='bbox 624 1980 723 2041; x_wconf 75' lang='lat' dir='ltr'><strong>paullum</strong></span> 
     </span>
    </p>

    <p class='ocr_par' dir='ltr' id='par_1_28' title="bbox 133 2043 693 2106">
     <span class='ocr_line' id='line_1_30' title="bbox 133 2043 693 2106; baseline -0.002 -15"><span class='ocrx_word' id='word_1_183' title='bbox 133 2043 265 2091; x_wconf 77' lang='lat' dir='ltr'><strong>Intermissa</strong></span> <span class='ocrx_word' id='word_1_184' title='bbox 275 2060 336 2099; x_wconf 82' lang='lat' dir='ltr'><strong>sono,</strong></span> <span class='ocrx_word' id='word_1_185' title='bbox 349 2046 481 2106; x_wconf 85' lang='lat' dir='ltr'><strong>claususque</strong></span> <span class='ocrx_word' id='word_1_186' title='bbox 496 2052 519 2091; x_wconf 84' lang='lat' dir='ltr'><strong>et</strong></span> <span class='ocrx_word' id='word_1_187' title='bbox 528 2044 622 2106; x_wconf 77' lang='lat' dir='ltr'><strong>frigidus</strong></span> <span class='ocrx_word' id='word_1_188' title='bbox 632 2045 693 2091; x_wconf 87' lang='lat' dir='ltr'><strong>ensis</strong></span> 
     </span>
    </p>

    <p class='ocr_par' dir='ltr' id='par_1_29' title="bbox 132 2107 652 2171">
     <span class='ocr_line' id='line_1_31' title="bbox 132 2107 652 2171; baseline -0.002 -16"><span class='ocrx_word' id='word_1_189' title='bbox 132 2107 257 2171; x_wconf 76' lang='lat' dir='ltr'><strong>Expulerat</strong></span> <span class='ocrx_word' id='word_1_190' title='bbox 266 2110 317 2155; x_wconf 89' lang='lat' dir='ltr'><strong>belli</strong></span> <span class='ocrx_word' id='word_1_191' title='bbox 327 2109 411 2167; x_wconf 82' lang='lat' dir='ltr'><strong>tirrias;</strong></span> <span class='ocrx_word' id='word_1_192' title='bbox 428 2124 475 2163; x_wconf 85' lang='lat' dir='ltr'><strong>seu,</strong></span> <span class='ocrx_word' id='word_1_193' title='bbox 486 2110 578 2171; x_wconf 74' lang='lat' dir='ltr'><strong>prtemia</strong></span> <span class='ocrx_word' id='word_1_194' title='bbox 587 2108 652 2155; x_wconf 86' lang='lat' dir='ltr'><strong>miles</strong></span> 
     </span>
    </p>

    <p class='ocr_par' dir='ltr' id='par_1_30' title="bbox 132 2172 754 2235">
     <span class='ocr_line' id='line_1_32' title="bbox 132 2172 754 2235; baseline 0.003 -17"><span class='ocrx_word' id='word_1_195' title='bbox 132 2172 196 2225; x_wconf 86' lang='lat' dir='ltr'><strong>Dum</strong></span> <span class='ocrx_word' id='word_1_196' title='bbox 207 2174 291 2235; x_wconf 80' lang='lat' dir='ltr'><strong>majora</strong></span> <span class='ocrx_word' id='word_1_197' title='bbox 300 2176 362 2235; x_wconf 82' lang='lat' dir='ltr'><strong>petit,</strong></span> <span class='ocrx_word' id='word_1_198' title='bbox 373 2174 463 2221; x_wconf 78' lang='lat' dir='ltr'><strong>damnat</strong></span> <span class='ocrx_word' id='word_1_199' title='bbox 473 2188 617 2234; x_wconf 77' lang='lat' dir='ltr'><strong>caussamque</strong></span> <span class='ocrx_word' id='word_1_200' title='bbox 625 2174 754 2235; x_wconf 79' lang='lat' dir='ltr'><strong>ducemque,</strong></span> 
     </span>
    </p>

    <p class='ocr_par' dir='ltr' id='par_1_31' title="bbox 131 2237 698 2286">
     <span class='ocr_line' id='line_1_33' title="bbox 131 2237 698 2286; baseline -0.002 -1"><span class='ocrx_word' id='word_1_201' title='bbox 131 2237 164 2285; x_wconf 86' lang='lat' dir='ltr'><strong>Et</strong></span> <span class='ocrx_word' id='word_1_202' title='bbox 174 2237 258 2284; x_wconf 87' lang='lat' dir='ltr'><strong>scelere</strong></span> <span class='ocrx_word' id='word_1_203' title='bbox 268 2238 356 2286; x_wconf 87' lang='lat' dir='ltr'><strong>inbutos</strong></span> <span class='ocrx_word' id='word_1_204' title='bbox 367 2240 433 2286; x_wconf 85' lang='lat' dir='ltr'><strong>etiam</strong></span> <span class='ocrx_word' id='word_1_205' title='bbox 445 2254 504 2285; x_wconf 86' lang='lat' dir='ltr'><strong>nunc</strong></span> <span class='ocrx_word' id='word_1_206' title='bbox 513 2238 616 2285; x_wconf 73' lang='lat' dir='ltr'><strong>venditet</strong></span> <span class='ocrx_word' id='word_1_207' title='bbox 625 2253 698 2285; x_wconf 82' lang='lat' dir='ltr'><strong>enses.</strong></span> 
     </span>
    </p>

    <p class='ocr_par' dir='ltr' id='par_1_32' title="bbox 131 2301 762 2365">
     <span class='ocr_line' id='line_1_34' title="bbox 131 2301 762 2365; baseline 0 -17"><span class='ocrx_word' id='word_1_208' title='bbox 131 2302 201 2350; x_wconf 76' lang='lat' dir='ltr'><strong>Haud</strong></span> <span class='ocrx_word' id='word_1_209' title='bbox 210 2302 284 2364; x_wconf 80' lang='lat' dir='ltr'><strong>magis</strong></span> <span class='ocrx_word' id='word_1_210' title='bbox 294 2311 398 2365; x_wconf 86' lang='lat' dir='ltr'><strong>expertus</strong></span> <span class='ocrx_word' id='word_1_211' title='bbox 407 2304 534 2351; x_wconf 83' lang='lat' dir='ltr'><strong>discrimine</strong></span> <span class='ocrx_word' id='word_1_212' title='bbox 545 2301 625 2352; x_wconf 82' lang='lat' dir='ltr'><strong>Caessr</strong></span> <span class='ocrx_word' id='word_1_213' title='bbox 633 2304 657 2349; x_wconf 89' lang='lat' dir='ltr'><strong>in</strong></span> <span class='ocrx_word' id='word_1_214' title='bbox 666 2303 762 2357; x_wconf 70' lang='lat' dir='ltr'><strong>alloest&#39;,</strong></span> 
     </span>
    </p>
   </div>
   <div class='ocr_carea' id='block_1_5' title="bbox 131 2363 936 2422">
    <p class='ocr_par' dir='ltr' id='par_1_33' title="bbox 131 2363 936 2422">
     <span class='ocr_line' id='line_1_35' title="bbox 131 2363 936 2422; baseline 0.004 -10"><span class='ocrx_word' id='word_1_215' title='bbox 131 2364 205 2422; x_wconf 71' lang='lat' dir='ltr'><strong>Qsdrn</strong></span> <span class='ocrx_word' id='word_1_216' title='bbox 217 2382 263 2413; x_wconf 88' lang='lat' dir='ltr'><strong>nou</strong></span> <span class='ocrx_word' id='word_1_217' title='bbox 275 2363 288 2413; x_wconf 82' lang='grc' dir='ltr'>ὲ</span> <span class='ocrx_word' id='word_1_218' title='bbox 299 2369 376 2422; x_wconf 75' lang='lat' dir='ltr'><strong>stabili,</strong></span> <span class='ocrx_word' id='word_1_219' title='bbox 388 2368 484 2415; x_wconf 86' lang='lat' dir='ltr'><strong>tremulo</strong></span> <span class='ocrx_word' id='word_1_220' title='bbox 492 2368 531 2414; x_wconf 87' lang='lat' dir='ltr'><strong>sed</strong></span> <span class='ocrx_word' id='word_1_221' title='bbox 541 2368 644 2421; x_wconf 68' lang='lat' dir='ltr'><strong>culnune,</strong></span> <span class='ocrx_word' id='word_1_222' title='bbox 656 2375 737 2415; x_wconf 89' lang='lat' dir='ltr'><strong>cuncta</strong></span> <span class='ocrx_word' id='word_1_223' title='bbox 745 2368 795 2415; x_wconf 72' lang='lat'><strong>250</strong></span> <span class='ocrx_word' id='word_1_224' title='bbox 887 2417 889 2420; x_wconf 68' lang='grc'>,</span> <span class='ocrx_word' id='word_1_225' title='bbox 935 2389 936 2408; x_wconf 59' lang='lat'>1</span> 
     </span>
    </p>
   </div>
   <div class='ocr_carea' id='block_1_6' title="bbox 130 2432 704 2622">
    <p class='ocr_par' dir='ltr' id='par_1_34' title="bbox 130 2432 704 2622">
     <span class='ocr_line' id='line_1_36' title="bbox 130 2432 681 2494; baseline -0.005 -15"><span class='ocrx_word' id='word_1_226' title='bbox 130 2432 269 2493; x_wconf 75' lang='lat' dir='ltr'><strong>Despinerst,</strong></span> <span class='ocrx_word' id='word_1_227' title='bbox 280 2438 392 2494; x_wconf 66' lang='lat' dir='ltr'><strong>staretque</strong></span> <span class='ocrx_word' id='word_1_228' title='bbox 402 2448 468 2493; x_wconf 87' lang='lat' dir='ltr'><strong>super</strong></span> <span class='ocrx_word' id='word_1_229' title='bbox 478 2433 595 2477; x_wconf 86' lang='lat' dir='ltr'><strong>titubantia</strong></span> <span class='ocrx_word' id='word_1_230' title='bbox 603 2432 681 2477; x_wconf 80' lang='lat' dir='ltr'><strong>tultus.</strong></span> 
     </span>
     <span class='ocr_line' id='line_1_37' title="bbox 130 2496 704 2558; baseline 0 -15"><span class='ocrx_word' id='word_1_231' title='bbox 130 2496 177 2543; x_wconf 89' lang='lat' dir='ltr'><strong>Tot</strong></span> <span class='ocrx_word' id='word_1_232' title='bbox 186 2497 255 2558; x_wconf 87' lang='lat' dir='ltr'><strong>raptis</strong></span> <span class='ocrx_word' id='word_1_233' title='bbox 266 2502 358 2544; x_wconf 86' lang='lat' dir='ltr'><strong>truncus</strong></span> <span class='ocrx_word' id='word_1_234' title='bbox 366 2498 476 2549; x_wconf 81' lang='lat' dir='ltr'><strong>manibus,</strong></span> <span class='ocrx_word' id='word_1_235' title='bbox 485 2496 605 2556; x_wconf 85' lang='lat' dir='ltr'><strong>gladioque</strong></span> <span class='ocrx_word' id='word_1_236' title='bbox 614 2496 704 2543; x_wconf 73' lang='lat' dir='ltr'><strong>relicuit</strong></span> 
     </span>
     <span class='ocr_line' id='line_1_38' title="bbox 131 2559 663 2622; baseline -0.006 -15"><span class='ocrx_word' id='word_1_237' title='bbox 131 2560 200 2608; x_wconf 80' lang='lat' dir='ltr'><strong>Paene</strong></span> <span class='ocrx_word' id='word_1_238' title='bbox 211 2576 259 2615; x_wconf 87' lang='lat' dir='ltr'><strong>suo,</strong></span> <span class='ocrx_word' id='word_1_239' title='bbox 270 2562 308 2620; x_wconf 92' lang='lat' dir='ltr'><strong>qui</strong></span> <span class='ocrx_word' id='word_1_240' title='bbox 319 2568 353 2607; x_wconf 88' lang='lat' dir='ltr'><strong>tot</strong></span> <span class='ocrx_word' id='word_1_241' title='bbox 364 2568 444 2622; x_wconf 88' lang='lat' dir='ltr'><strong>gentes</strong></span> <span class='ocrx_word' id='word_1_242' title='bbox 454 2562 479 2605; x_wconf 89' lang='lat' dir='ltr'><strong>in</strong></span> <span class='ocrx_word' id='word_1_243' title='bbox 489 2559 547 2605; x_wconf 86' lang='lat' dir='ltr'><strong>bella</strong></span> <span class='ocrx_word' id='word_1_244' title='bbox 557 2560 663 2612; x_wconf 66' lang='lat' dir='ltr'><strong>molebat,</strong></span> 
     </span>
    </p>
   </div>
   <div class='ocr_carea' id='block_1_7' title="bbox 131 2623 702 2734">
    <p class='ocr_par' dir='ltr' id='par_1_35' title="bbox 131 2623 702 2734">
     <span class='ocr_line' id='line_1_39' title="bbox 131 2623 702 2733; baseline -0.009 -60"><span class='ocrx_word' id='word_1_245' title='bbox 131 2626 179 2673; x_wconf 82' lang='lat' dir='ltr'><strong>Scit</strong></span> <span class='ocrx_word' id='word_1_246' title='bbox 188 2640 234 2672; x_wconf 89' lang='lat' dir='ltr'><strong>non</strong></span> <span class='ocrx_word' id='word_1_247' title='bbox 245 2639 295 2672; x_wconf 86' lang='lat' dir='ltr'><strong>esse</strong></span> <span class='ocrx_word' id='word_1_248' title='bbox 305 2626 367 2673; x_wconf 81' lang='lat' dir='ltr'><strong>ducis</strong></span> <span class='ocrx_word' id='word_1_249' title='bbox 378 2626 474 2676; x_wconf 83' lang='lat' dir='ltr'><strong>strictos,</strong></span> <span class='ocrx_word' id='word_1_250' title='bbox 486 2623 619 2733; x_wconf 69' lang='lat' dir='ltr'><strong>spdmilitis,</strong></span> <span class='ocrx_word' id='word_1_251' title='bbox 630 2637 702 2669; x_wconf 80' lang='lat' dir='ltr'><strong>enses.</strong></span> 
     </span>
     <span class='ocr_line' id='line_1_40' title="bbox 190 2702 484 2734; baseline -0.007 -27"><span class='ocrx_word' id='word_1_252' title='bbox 190 2703 191 2707; x_wconf 74' lang='grc'>,</span> <span class='ocrx_word' id='word_1_253' title='bbox 213 2705 217 2709; x_wconf 80' lang='grc'><strong>,</strong></span> <span class='ocrx_word' id='word_1_254' title='bbox 437 2724 456 2731; x_wconf 28' lang='grc' dir='ltr'><strong>Ι,</strong></span> <span class='ocrx_word' id='word_1_255' title='bbox 473 2702 484 2734; x_wconf 65' lang='lat'>1</span> 
     </span>
    </p>
   </div>
   <div class='ocr_carea' id='block_1_8' title="bbox 0 0 946 2950">
    <p class='ocr_par' dir='ltr' id='par_1_36' title="bbox 0 0 946 2950">
     <span class='ocr_line' id='line_1_41' title="bbox 0 0 946 2950; baseline 0 1"><span class='ocrx_word' id='word_1_256' title='bbox 0 0 946 2950; x_wconf 95' lang='lat' dir='ltr'><strong> </strong></span> 
     </span>
    </p>
   </div>
  </div>
 </body>
</html>
