1884 2950
397 394 576 466 Lucum

310 577 666 673 PHARSALIA.

366 796 475 847 LIBER
490 797 616 849 NONUS.

158 1007 197 1053 Au
208 1022 254 1054 non
265 1008 289 1053 iu
300 1005 384 1055 Phsrii
394 1022 472 1055 manes
480 1006 573 1071 jacuere
583 1006 665 1064 savini,

159 1070 211 1118 Nec
223 1074 279 1119 cinis
290 1073 386 1135 exiguus
398 1079 483 1120 tautam
495 1075 634 1135 compescuit
644 1075 763 1121 umbrsmr

160 1134 269 1184 Prosiluit
278 1138 352 1192 busto,
364 1138 515 1198 semiustaque
526 1138 626 1185 membro
636 1138 772 1199 mlioquens,

158 1199 186 1248 D
245 1216 350 1262 eremque
360 1218 448 1265 rogum,
461 1202 562 1262 sequitur
572 1217 674 1249 convers
684 1202 805 1253 Tamus

158 1264 184 1319 Q
222 1266 288 1329 niger
297 1266 404 1314 astriferis
415 1268 555 1314 connectitur
565 1267 644 1314 axibus
652 1268 696 1322 siit,

158 1329 273 1391 Quodque
283 1338 346 1393 pstet
355 1339 426 1379 terras
436 1333 502 1387 inter,
512 1332 618 1391 lunaeque
627 1338 722 1387 mestus,

158 1394 257 1443 Semidei
267 1411 346 1443 munes
356 1398 461 1451 habitant,
473 1412 530 1457 quos
540 1397 608 1458 ignes
617 1397 691 1443 virtus

156 1458 272 1509 Innocuos
283 1459 330 1508 viti
339 1462 449 1524 potientes
461 1461 550 1508 aetheris
560 1461 600 1508 imi

156 1523 228 1579 Fecit,
241 1532 264 1573 et
274 1533 371 1573 {eternus
383 1528 480 1573 animem
491 1526 590 1588 conlegit
600 1526 624 1572 in
636 1527 706 1574 orbes·

156 1587 213 1636 Nou
223 1590 277 1637 illuc
288 1605 342 1637 suro
352 1591 426 1652 positi,
438 1605 480 1637 nec
491 1599 541 1637 ture
551 1590 633 1651 sepulti
790 1593 822 1636 10

155 1651 309 1701 Perveniunt:
327 1655 373 1701 illio
384 1662 502 1717 postquam
513 1670 538 1701 se
548 1655 633 1701 lumine
642 1669 698 1700 vero

153 1715 261 1780 Inplevit,
273 1719 392 1780 stellanue
402 1734 473 1781 vegos
482 1719 582 1774 miratus,
593 1725 685 1766 etcstrs

155 1781 216 1830 Fixa
225 1784 289 1846 polis,
301 1783 363 1837 vidit,
375 1783 458 1845 quanti
468 1785 510 1830 sub
520 1790 587 1830 nocte
592 1784 680 1845 jaceret

154 1845 243 1896 Nostro
254 1849 307 1902 dies,
318 1849 411 1909 risitque
422 1850 456 1894 sui
465 1848 561 1895 luddsrie
570 1848 651 1894 trunci.

153 1911 220 1964 Hinc
231 1929 297 1976 super
308 1911 422 1960 Emathiae
432 1928 530 1975 campos,
542 1920 566 1959 et
576 1912 642 1975 signu
649 1911 738 1958 cruenti
800 1915 809 1924 '

155 1975 262 2033 caesaris,
274 1993 300 2025 sc
312 1992 399 2039 sparsos
410 1978 514 2025 volitsvit
524 1979 547 2023 in
558 1991 649 2037 aequore
659 1977 757 2035 closses3

153 2039 189 2090 Et
199 2044 307 2104 scelerum
318 2042 402 2089 vindex
412 2041 435 2088 in
447 2049 525 2089 sancto
536 2049 627 2104 pectore
637 2040 704 2088 Bruti

154 2107 224 2161 Sedit
236 2114 259 2154 et
268 2107 347 2153 invicti
356 2108 432 2168 posuit
443 2114 554 2154 semente
565 2104 667 2155 Catonis

153 2170 203 2226 Ille,
215 2172 252 2218 ubi
261 2172 387 2234 pendebant
397 2186 469 2226 casus,
480 2173 616 2232 dubiumque
626 2170 735 2224 msusbst,

154 2237 230 2291 Quem
239 2236 318 2294 mundi
330 2237 445 2283 dominum
456 2235 557 2284 fecerent
568 2236 642 2283 civffia
651 2235 716 2290 bellu,
785 2239 818 2283 20

152 2300 239 2347 Oderat
248 2307 272 2346 et
283 2300 403 2362 Magnum.
415 2302 519 2362 quumvis
528 2315 605 2347 comes
615 2301 670 2347 isset
680 2301 704 2347 iu
715 2313 783 2356 ems,

152 2364 267 2424 Auspiciis
275 2371 351 2425 raptus
362 2365 447 2425 pstriae,
458 2365 572 2425 ductuque
583 2364 682 2412 senstds.

152 2426 192 2478 At,
204 2433 255 2486 post
265 2425 407 2474 Thessalicos
418 2429 500 2482 eludes,
506 2430 556 2490 jum
565 2435 657 2490 pectore
666 2435 717 2475 toto

152 2488 305 2549 Pompeianus
315 2497 376 2538 erut:
395 2493 490 2552 putrium
501 2499 577 2539 tutore
587 2497 701 2539 carentem

151 2551 264 2612 Excepit5
281 2555 357 2614 populi
367 2556 501 2617 trepidantis
511 2557 612 2603 membre
622 2553 717 2612 refovit3

150 2613 245 2676 Ignavis
256 2617 357 2680 menibus
366 2621 479 2681 projectos
488 2619 584 2666 reddidit
593 2633 672 2665 ensem

150 2677 203 2728 Nec
214 2693 309 2742 regnum
320 2682 411 2742 cupiens
421 2684 494 2746 gessit
503 2682 580 2732 civilis
587 2682 653 2736 belh»
