1884 2950
373 349 551 423 LUCANI

267 537 666 622 PHARSALIA.

309 742 418 797 LIBER
435 743 607 804 QUARTUS.

128 956 170 1004 Ar
180 957 260 1020 pro'cul
270 957 376 1006 extremis
385 965 494 1004 terramm
506 954 584 1004 Caeaar
594 957 619 1003 in
628 958 674 1005 oris

128 1021 233 1070 Martem
246 1037 320 1068 saevus
330 1023 384 1084 agit,
397 1036 443 1068 non
453 1020 525 1068 multi
535 1022 597 1069 caede
607 1029 733 1079 nocentem,

129 1085 237 1134 Maxima
248 1087 286 1133 sed
296 1085 336 1133 fati
346 1087 437 1134 ducibus
448 1093 561 1133 momenta
572 1085 683 1135 dsturum.

129 1149 189 1200 Jnra
197 1153 246 1212 pari
257 1159 329 1198 rector
340 1152 417 1198 castris
428 1149 536 1198 Afranius
543 1152 593 1205 illia,

130 1214 170 1262 Ac
182 1214 285 1262 Petreius
296 1222 355 1262 erat:
370 1215 488 1262 concordia
497 1216 561 1262 duxit
571 1218 594 1262 in
605 1230 682 1276 equas

131 1279 247 1342 Inperiunr
259 1295 378 1328 commune
388 1281 455 1334 vices,
467 1281 580 1340 tutelaqde
589 1280 642 1326 valli

133 1344 242 1407 Pervigil,
254 1345 340 1392 alterno
350 1352 412 1407 paret
423 1345 523 1392 custodia
533 1346 606 1406 signo.

132 1408 179 1456 His
190 1417 271 1473 praeter
283 1409 360 1456 Latias
371 1411 429 1456 acies
439 1417 487 1456 erat
497 1410 520 1459 in
536 1411 541 1420 '
573 1425 585 1456 r
595 1410 673 1464 Astur,

132 1474 289 1535 Vettonesque
299 1476 367 1530 leves,
378 1476 512 1537 protngique
545 1483 615 1536 gente
624 1474 715 1523 vetusti
789 1518 793 1524 .

132 1540 257 1594 Gallorum,
271 1538 343 1587 Celtae
359 1542 479 1587 miscentes
488 1554 570 1589 nomen
582 1540 681 1588 Hiberia.
761 1543 794 1587 10

165 1602 231 1653 Colle
242 1612 313 1651 tumet
324 1606 417 1659 modico,
430 1606 520 1664 lenique
529 1606 628 1653 excrevit
638 1606 661 1651 in
672 1605 742 1653 altum

132 1666 223 1732 Pingue
234 1669 306 1717 solum
317 1670 414 1715 tumulo:
435 1684 500 1730 super
511 1670 570 1716 huna
579 1670 671 1717 fundata
680 1668 770 1719 vetusti
791 1717 795 1721 .

131 1734 212 1797 Surgit
223 1732 297 1781 Ilerda
306 1749 388 1781 manu:
407 1734 499 1795 placidis
507 1736 635 1795 praelabitur
645 1735 711 1785 undis

131 1796 257 1861 Hesperios
268 1800 325 1845 inter
337 1799 419 1846 Sicoris
430 1814 476 1845 non
488 1799 579 1846 ultimus
589 1815 673 1856 aurnea,
773 1807 775 1812 '

132 1863 219 1911 Saxeus
230 1864 317 1925 ingenti
328 1879 395 1925 quem
406 1879 463 1925 pons
475 1864 615 1925 amplectitur
625 1880 686 1921 arur,

130 1925 359 1990 Hiberna-sparsurus
370 1944 451 1989 aquas:
471 1934 495 1975 at
504 1930 606 1989 proxima
616 1944 681 1991 rupea

130 1992 203 2054 Signa
214 2000 275 2040 tenet
285 1993 384 2057 Magni;
401 2008 443 2040 nec
455 1990 534 2041 caesn
543 1994 601 2041 colle
610 1995 698 2041 minore

130 2054 212 2105 Castra
221 2058 295 2115 levat:
314 2058 400 2105 medius
411 2059 495 2105 dirimit
504 2058 600 2107 tentoria
608 2073 701 2121 gurges.

128 2120 237 2185 Explicat
247 2124 299 2170 hinc
310 2123 375 2169 tellus
386 2138 476 2186 campos
486 2122 557 2171 effusa
565 2130 674 2184 patentes,

129 2185 178 2233 Vix
189 2187 255 2239 oculo
265 2188 387 2249 prendente
396 2188 495 2243 modum,
506 2203 641 2251 camposque
650 2187 739 2237 coe'rcat
758 2192 792 2235 20

130 2249 207 2314 Cinga
217 2267 292 2315 rapax,
302 2253 383 2299 vetitus
398 2252 486 2308 fluctus,
499 2260 522 2299 et
531 2254 597 2299 litora
606 2268 673 2301 uum

129 2315 215 2365 Oeensi
225 2317 336 2379 pepulisse
346 2332 402 2365 auo:
422 2332 474 2365 nam
485 2318 576 2379 gurgite
586 2318 665 2374 mixto,

129 2380 177 2435 Qui
187 2388 280 2443 praestat
289 2382 360 2437 terris,
372 2380 444 2429 auriert
454 2383 494 2429 tibi
505 2397 587 2429 nornen
598 2381 705 2434 Hrtesua

162 2444 239 2495 Prima
250 2447 297 2493 dies
306 2448 358 2495 belli
369 2448 465 2495 cessavit
476 2447 552 2493 Marte
562 2455 663 2504 cruento,

128 2509 311 2573 Spectandasque
321 2512 403 2559 ducum
413 2512 479 2566 vires,
491 2526 654 2573 numerosaque
663 2512 732 2573 signa

127 2571 255 2637 Exposuit:
269 2577 342 2639 piguit
352 2576 456 2623 sceleris:
474 2577 547 2637 pudor
557 2590 619 2626 mma
628 2575 742 2622 furentum

128 2638 260 2699 Continuit3
277 2642 400 2711 putriaeque
411 2647 433 2689 et
444 2640 516 2706 ruptis
524 2639 611 2707 legibus
622 2654 692 2689 unum
765 2665 767 2670 ·

583 2718 598 2749 o
