1884 2950
292 156 503 209 suanorum
520 144 631 207 anm
751 158 798 203 ros

132 287 259 341 Arboribus
269 290 341 346 caesis,
352 289 432 337 flatum
444 287 696 353 effirdereprementems
792 283 795 291 ¹

131 358 233 405 Abstulit
243 358 284 405 iras
293 358 355 412 iiber,
365 357 441 403 ventis
451 357 561 403 eontnria
571 354 673 407 volvens,

132 422 221 478 AEatim
233 428 257 470 et
266 422 373 469 obnixum
384 422 458 467 vietor
468 421 563 485 denuait
572 421 596 466 in
608 419 726 466 Amnon.

133 486 186 535 Has
196 488 254 535 vods
265 488 395 541 destituunt,
407 494 474 547 atque
483 488 608 547 interrupta
617 482 730 547 profundo

131 551 205 601 Terra
214 552 267 599 ferit
276 568 362 615 puppes
370 569 377 608 ;
394 552 505 612 dubioque
515 552 612 598 obnoxia
621 549 669 596 isto

134 616 192 665 Para
203 618 266 665 sedet
277 632 323 663 una
334 618 394 671 ratis,
405 632 456 679 pars
468 617 538 664 altera
547 614 632 679 pendet
640 614 665 660 in
676 611 748 659 undis.
779 648 782 651 .

132 682 200 729 Tum
211 684 285 745 magis
295 684 408 745 inpactum
419 683 523 729 brevibus
533 696 601 735 mara
619 686 723 738 terraque
733 677 798 733 saevit

132 746 208 795 Obvia
218 762 372 809 consurgens:
392 748 494 811 quamvis
505 748 573 794 eiisus
583 747 612 793 ab
623 745 716 797 Austro,

133 812 201 875 Saepe
212 821 288 859 tamen
300 811 401 859 cumulos
412 812 495 859 fluctus
506 828 552 859 non
562 812 634 859 vineit
643 811 740 857 huense
748 808 799 855 540

133 876 230 925 Eminet
239 878 263 924 in
274 884 340 941 tergo
350 878 424 941 pelagi
435 878 513 941 procui
520 879 622 924 omnibus
633 875 700 929 arvis,
787 926 791 932 ,

66 976 69 980 -
100 942 102 949 ’
132 938 260 991 Inviolatus
271 940 333 1004 aqui,
345 942 399 989 sicci
405 944 453 1007 jaan
465 944 562 1005 pulveris
572 956 651 1007 agger.
749 982 753 987 ,

133 1006 201 1055 Stant
211 1008 286 1055 miseri
295 1016 376 1061 nautae,
387 1014 498 1069 terraeque
508 1010 608 1054 haerente
618 1002 701 1060 canna
791 1054 796 1061 ,

133 1070 215 1119 Litora
225 1072 286 1119 nuila
296 1072 388 1120 vident:
409 1074 440 1119 sio
450 1080 536 1135 partem
547 1072 661 1133 intercipit
670 1082 764 1129 aequ⁰¹3

133 1135 191 1185 Pars
202 1139 282 1184 ratium
293 1138 365 1201 major
374 1140 478 1201 regimen
488 1138 621 1197 clavumque
627 1142 706 1182 secuta
713 1138 756 1187 est,
791 1143 795 1151 ·

133 1200 272 1263 Tutaiugi;
290 1210 412 1263 nautasque
421 1204 466 1249 ioci
478 1204 557 1249 sortita
566 1202 657 1265 peritos,
738 1204 741 1209 '

132 1264 273 1329 Torpentem
284 1266 392 1314 Tritonos
403 1268 449 1314 adit
458 1269 538 1315 inlaesa
546 1266 658 1329 paludem.

134 1329 212 1387 Hans,
225 1340 250 1377 ut
260 1330 325 1386 fama
338 1332 411 1386 Deus,
423 1348 490 1393 quem
499 1340 547 1379 toto
558 1333 625 1379 litore
634 1336 718 1392 pontus

133 1394 212 1452 Audit,
220 1395 316 1443 ventosi
325 1396 456 1460 perflantem
467 1411 583 1444 mumaura
592 1393 685 1451 cononi,
708 1402 711 1409 '

134 1458 205 1508 Ha'no
216 1468 239 1508 et
252 1461 327 1509 Pallas
338 1470 413 1521 smot3
430 1466 504 1526 patrio
515 1479 566 1526 quae
576 1464 661 1511 vertice
672 1467 726 1510 nata
746 1460 798 1506 350

132 1525 257 1574 Terrarum
267 1528 361 1589 primani
374 1528 463 1590 Libyen
476 1531 539 1592 (nam
550 1529 654 1592 proxima
664 1528 723 1577 coeio
733 1533 775 1582 eat,

134 1589 170 1637 Ut
180 1591 260 1652 probat
270 1591 400 1654 ipse'eaior)
412 1594 502 1656 tetigit3
519 1594 640 1656 stagnique
648 1592 724 1658 quieti
786 1585 790 1594 ’

133 1650 219 1703 Vultus
230 1656 287 1702 vidit
326 1655 360 1712 ui,
372 1659 490 1720 posuitque
500 1660 525 1706 in
535 1660 639 1721 margine
648 1660 742 1723 plantae

133 1712 170 1768 lit
181 1735 207 1768 se
217 1719 299 1768 dilecta
332 1723 428 1770 ritonida
439 1724 496 1770 dixit
507 1725 534 1771 ab
545 1721 620 1783 undd;

134 1785 212 1840 Quam
219 1787 288 1849 Juxta
299 1785 390 1834 Lethon
401 1789 483 1836 tacitus
493 1789 622 1852 praeiabitur
632 1789 711 1844 amnis.

132 1846 239 1906 Inseruit,
251 1858 277 1897 ut
286 1850 352 1907 fania,
363 1853 455 1902 trahens
465 1854 547 1901 obiiria
556 1855 621 1901 venis
627 1870 636 1912 ;

132 1915 213 1976 Atque
222 1915 314 1978 insopiti
324 1919 437 1978 quondam
445 1919 517 1966 tutela
527 1918 637 1974 draconis,

133 1977 288 2042 Hesperidum
300 1997 383 2046 pauper
394 1983 495 2045 spoliatis
504 1984 621 2031 frondibus
631 1984 718 2031 hortus.

131 2041 236 2102 invidus,
247 2060 333 2094 annoso
342 2047 425 2094 famam
436 2049 474 2110 qui
483 2049 577 2113 derogat
588 2065 646 2103 aevo,

132 2109 181 2164 Qui
191 2117 255 2158 vates
264 2112 292 2158 ad
301 2127 355 2159 vera
364 2120 438 2161 vocat
471 2111 527 2162 Fuit
537 2129 605 2162 aurea
614 2115 678 2170 silva,
749 2114 799 2160 560

131 2172 273 2238 Divitiisque
283 2192 366 2240 graves
377 2185 400 2225 et
409 2177 474 2226 fulvo
484 2181 587 2242 germine
597 2181 660 2241 rami,

132 2237 303 2302 Virgineusque
313 2243 402 2300 chorus,
412 2243 477 2292 nitidi
488 2245 589 2292 custodia
598 2245 650 2302 luci,

130 2301 167 2352 Et
177 2319 301 2370 numquam
312 2323 392 2355 somno
404 2309 521 2358 damnum
531 2310 618 2358 lumino
627 2325 726 2374 serpens.

131 2367 227 2418 Robora
237 2374 368 2435 complexus
379 2375 447 2424 rutilo
456 2382 549 2422 curvata
558 2375 657 2425 metudio.

132 2435 236 2482 Abstulit
245 2439 359 2485 arboribus
370 2440 475 2502 pretium,
485 2435 616 2501 nemorique
625 2441 731 2496 iaboretn,

132 2499 238 2562 Alcides;
255 2517 379 2564 passusque
387 2506 467 2568 inopes
478 2505 527 2552 sine
535 2507 635 2568 pondere
646 2520 727 2561 runos,

132 2563 224 2612 Retulit
231 2565 340 2630 Argolico
350 2567 461 2632 fingentis
469 2584 538 2632 poma
547 2576 653 2632 tyranno.

133 2626 181 2690 ¹His
193 2629 264 2693 igitur
274 2632 366 2696 depuisa
375 2634 438 2689 locis,
449 2635 565 2698 ejectaque
574 2635 653 2684 classis

133 2693 246 2756 Syrtibus,
257 2696 317 2745 haud
326 2697 386 2751 nitra
398 2699 571 2750 Garamantidas
581 2700 663 2771 adtigit
672 2699 758 2763 nodas3

502 2792 504 2795 ·
561 2768 606 2815 ιδ
724 2776 726 2779 ·
795 2775 799 2780 ’

879 2802 935 2904 Δ
