1884 2950
130 169 135 183 ι
155 114 187 161 ee
419 106 555 171 LUCANI

209 199 212 206 ·
806 190 817 222 s

153 236 293 298 Diductique
302 237 366 286 fretis
378 240 421 287 elio
433 242 557 288 subsidere
567 240 651 304 reges?

153 300 207 348 Otia
217 303 278 350 solus
291 303 374 366 agam?
391 306 470 366 procul
480 307 541 353 hunc
551 314 626 354 arcete
636 307 743 365 furorem,

153 365 175 412 Ο
188 367 281 428 Superi;
299 374 389 416 motura
396 370 480 417 ‘Debes
491 379 516 417 ut
526 372 596 426 clade,
608 373 735 433 Getasque,

154 431 239 478 Securo
251 449 294 488 me,
307 433 382 482 Rome
392 435 471 482 cedat:
491 452 533 482 ceu
543 444 618 482 morte
627 444 743 498 parentem
810 476 813 480 .

153 495 267 544 Natorum
279 499 387 553 orbatum,
399 499 494 562 longum
504 502 627 562 producere
635 501 705 548 sunus

153 561 192 620 Ad
203 563 301 613 tumulos
307 565 374 626 jubet
384 564 431 626 ipse
442 565 520 622 dolor;
532 567 600 628 juvet
609 567 700 628 igmbm
710 567 765 613 stris

152 624 279 674 Inseruisse
290 643 375 684 manus,
387 636 562 691 constructoque
571 646 656 693 aggere
665 632 726 677 busti
763 634 814 678 500

153 689 232 752 Ipsum
244 699 303 740 otras
314 693 413 741 tenuisse
423 695 501 752 ἵκεις
517 710 564 742 non
575 702 628 742 ente
638 695 739 752 revellet,
806 730 811 738 ·

153 755 289 804 Exanimem
301 757 367 819 qudm
379 765 402 806 te
413 760 555 821 complector,
567 760 649 816 Rome,
659 764 770 822 tuumque

153 819 252 876 Nomen,
265 821 375 878 Libertas,
387 825 510 871 etinanem
521 841 641 887 prosequar
651 827 759 872 umbram.

153 885 192 932 Sic
203 893 254 932 eat:
274 888 364 934 inmites
376 888 482 936 Romana
491 891 579 951 piacula
588 891 634 938 divi

153 948 226 996 Plena
237 951 321 997 ferant:
335 954 397 999 nullo
405 953 745 1016 fraudemussenguinebellum.
807 974 812 984 ’

151 1013 174 1060 0
186 1016 271 1062 utinam
283 1018 378 1078 coelique
390 1017 448 1066 Deis
459 1019 573 1080 Erebique
581 1021 666 1073 liberet,
716 1058 718 1062 ,
731 1059 734 1066 f

154 1079 209 1126 Hoc
220 1089 286 1142 ceput
297 1083 320 1128 in
332 1091 424 1130 cunctas
435 1084 564 1130 demnatum
575 1099 688 1144 exponere
697 1083 793 1145 poenus!

151 1144 272 1192 Devotum
282 1149 374 1194 hostiles
386 1148 485 1195 Decium
496 1144 598 1210 pressere
608 1161 719 1196 caterve:

154 1207 198 1256 Me
208 1211 307 1273 geminae
317 1210 390 1273 figant
400 1215 465 1268 ecies,
477 1229 514 1260 me
524 1213 616 1259 barbara
627 1214 678 1260 telis

151 1273 229 1322 Rheni
239 1277 303 1324 turba
313 1283 389 1338 petet:
409 1279 496 1327 cunctis
506 1293 550 1340 ego
560 1279 650 1339 pervius
659 1279 730 1325 bustis
759 1280 811 1325 510

153 1339 272 1402 Excipiam
284 1341 370 1388 medius
380 1342 449 1388 totius
460 1343 555 1388 vulnera
564 1343 623 1390 belli.
801 1375 811 1389 s

153 1403 202 1451 Hic
213 1406 307 1452 redimat
317 1407 409 1467 sanguis
418 1406 525 1467 populos:
546 1408 587 1453 bec
597 1408 660 1455 caede
669 1407 750 1462 lemur,
805 1449 809 1452 .

154 1469 270 1531 Quidquid
281 1469 380 1519 Romani
391 1479 520 1519 meruerunt
529 1473 627 1533 pendere
640 1488 721 1522 mores.

109 1585 115 1592 ,
152 1536 192 1581 Ad
197 1536 256 1597 juga
266 1550 306 1581 cur
316 1535 392 1583 faciles
404 1537 486 1597 populi,
498 1553 538 1583 cur
549 1553 611 1599 seve
620 1539 723 1585 volentes

151 1599 235 1661 Regna
245 1601 291 1661 pati
302 1601 413 1661 pereunt?
430 1616 467 1647 me
478 1601 551 1647 solum
561 1603 660 1650 invadite
669 1602 736 1657 ferro,

152 1663 196 1709 Me
205 1663 289 1710 frustra
298 1665 361 1726 leges
373 1672 395 1712 et
406 1666 663 1728 ineniejuratuentemz
729 1722 733 1730 Ι

153 1726 201 1775 Hic
212 1729 279 1783 debit,
291 1730 327 1775 hic
337 1745 415 1791 peoern
421 1731 523 1793 jugulus,
535 1729 647 1792 finemque
656 1732 757 1778 laborum

152 1794 265 1841 Gentibus
278 1792 410 1855 Hesperiis:
430 1802 482 1855 post
491 1811 528 1841 me
539 1811 635 1857 regnare
644 1797 729 1843 volenti
802 1840 807 1852 ,

151 1858 207 1905 Non
219 1874 274 1920 opus
286 1868 320 1907 est
330 1860 396 1905 bello.
419 1860 493 1914 ¹*Quin
503 1860 592 1921 publica
602 1862 674 1922 signe,
685 1862 810 1922 ducemque

152 1922 287 1985 Pompeium
298 1923 427 1985 sequimur?
445 1939 494 1978 nec,
505 1926 523 1971 si
534 1922 625 1971 fortune
634 1924 724 1981 favebit,
760 1930 811 1972 ³20
846 1925 854 1934 '

151 1986 223 2035 Hunc
234 2003 323 2049 quoque
333 1989 402 2035 totius
412 1989 452 2035 sibi
459 1990 499 2051 jus
509 1990 639 2050 promittere
649 1991 733 2044 mundi,

151 2051 207 2098 Non
218 2054 275 2099 bene
286 2060 424 2115 compertum
436 2061 484 2101 est:
503 2054 554 2099 ideo
564 2069 602 2101 me
612 2056 684 2101 milite
694 2056 777 2111 vincat,

150 2116 191 2163 Ne
201 2118 242 2163 sibi
253 2133 277 2163 se
288 2118 369 2163 vicisse
379 2124 451 2178 putet.
476 2118 514 2164 Sic
524 2118 600 2175 fatur;
617 2127 641 2165 et
651 2134 724 2167 ecres-

153 2180 241 2227 Irarum
254 2182 325 2229 movit
337 2182 445 2235 stimulos,
452 2182 589 2243 juvenisque
599 2184 697 2231 ealormn

107 2252 131 2299 «ξ’
152 2244 246 2293 Excitat
255 2247 279 2292 in
291 2246 372 2292 nimios
382 2246 433 2291 belli
444 2247 517 2295 civilis
527 2262 622 2295 amores.

118 2308 123 2369 ζ
184 2308 281 2364 interea,
294 2309 381 2357 Phoebo
392 2310 478 2371 gelidas
490 2311 587 2372 pellente
597 2315 708 2368 tenebras,

150 2373 251 2421 Pulsate
263 2371 358 2421 sonuere
368 2374 444 2431 iores3
462 2391 518 2436 quas
529 2383 608 2423 uncto
616 2378 695 2424 relicto

150 2436 263 2486 Hortensi
273 2452 371 2485 moerens
382 2440 465 2500 inrupit
477 2439 566 2487 Murcia
575 2442 657 2498 bueto;

151 2502 272 2555 Quondam
284 2504 349 2563 virgo
361 2503 416 2549 toris
426 2504 526 2551 meboris
531 2505 613 2566 juncte
621 2504 711 2551 meritiz

151 2565 212 2613 Mox
218 2566 256 2612 ubi
262 2566 366 2613 connubii
375 2568 479 2628 pretium,
486 2583 617 2628 mercesque
624 2569 744 2623 soluteest,
759 2570 812 2615 330

149 2628 283 2693 Tertiejem
295 2631 391 2689 suboles,
402 2630 457 2699 elios
467 2632 665 2702 fecundepmctee
721 2674 725 2681 .
749 2691 753 2697 ,
786 2666 807 2683 ..
