1884 2950
174 116 236 172 aas
320 161 331 178 .
363 121 610 174 SUPPLEMENTI

174 253 315 308 Dacemuut,
327 261 423 314 quantos
433 261 530 316 nequest
538 255 637 317 privatus
648 257 736 305 habere

173 318 311 380 Perpetuum
322 319 459 375 dictatorem,
465 321 592 386 patriaeque
602 328 723 382 parentem,

173 383 296 446 Appellant
305 383 394 445 putres}
411 381 481 431 denos
492 391 517 431 ut
528 385 606 431 consul
617 386 640 431 in
650 401 722 434 annos

173 448 346 511 Designaretur,
357 457 457 496 statuunt
463 467 471 506 ;
489 448 577 510 altique
587 449 658 496 curuli

173 511 228 576 Ipse
239 520 264 558 ut
275 529 391 574 supremus
402 513 596 562 Romandcensor
607 515 630 562 in
641 517 696 564 urbe

173 577 247 624 Veste
256 579 382 640 triumphali
392 581 490 634 indutus,
501 581 608 640 lauroque
618 579 707 626 sederet
796 611 802 622 ·
822 629 831 643 ἱ

174 640 286 705 Perpetui
297 650 401 691 ornatus:
422 660 463 690 nec
475 661 520 691 non
531 645 559 690 de
564 644 664 706 principe
675 642 768 690 Numen

174 707 210 755 Ut
221 707 285 754 fieret
292 709 370 763 victor,
383 709 467 756 donant
478 710 560 764 altaria,
572 724 644 769 sacra,

171 772 272 832 Altaque
283 773 371 834 templa,
383 774 461 833 quibus
471 773 618 835 pulcherrima
623 773 704 836 juncta
714 771 818 820 Deorum

171 835 238 886 Illius
249 838 334 886 astabat
344 845 424 883 statuae
436 835 562 884 Clementia
569 853 645 885 sacrae.

174 899 280 949 Caesaroo
290 899 376 947 iaciunt
387 899 491 947 Vestales
502 901 593 947 nomine
603 908 671 959 vota;

172 964 207 1014 Et
217 982 262 1028 quo
272 979 367 1025 quaeque
377 966 413 1012 die
423 966 517 1012 victoria
527 967 623 1028 contigit
633 965 664 1012 illi

172 1028 266 1143 pervius
276 1029 414 1091 quanquam)
426 1030 563 1077 celebrantur
572 1030 631 1078 festa
640 1046 680 1092 per
691 1029 776 1078 urbem.

195 1096 281 1142 rederet
288 1097 331 1141 hoc
341 1096 427 1156 aliquis,
436 1110 489 1142 ,cum
501 1097 546 1142 sint
555 1095 632 1143 feralia
641 1095 704 1143 fastis

171 1157 206 1207 Et
213 1159 327 1223 Trebiaet
339 1159 425 1209 Cannae
436 1160 547 1207 Romanis
557 1162 658 1218 nomina;
670 1159 774 1218 Mundae,

172 1222 302 1279 Thessaliae,
313 1224 442 1287 Thapsique
453 1225 500 1272 dies
506 1227 554 1288 jam
566 1227 618 1272 laeta
628 1233 737 1272 vocentur
820 1231 823 1238 “

117 1310 121 1321 ¹
172 1287 298 1351 Tempora!
317 1288 462 1352 Pompeiique
473 1305 559 1344 necem,
571 1292 687 1352 sanctique
698 1287 801 1344 Catonis,

171 1353 324 1416 Scipiadaeque
334 1355 389 1401 albis
399 1355 502 1417 designet
512 1354 587 1402 Roma
594 1355 681 1416 lapillis.

171 1416 256 1475 Nullus
266 1426 335 1465 restat
345 1420 423 1475 honor,
435 1435 502 1481 quem
513 1435 559 1466 non
570 1435 682 1466 assumere
690 1418 763 1481 possit

169 1481 224 1531 dam
235 1485 290 1541 sibi;
307 1486 388 1530 victori
399 1492 462 1530 tanta
473 1492 507 1531 est
518 1500 624 1531 concessa
634 1490 740 1545 potestas.

204 1548 267 1604 Quid
278 1564 337 1595 nunc
348 1549 441 1610 imperio
452 1563 553 1601 securam
563 1546 660 1595 Caesaris
671 1548 757 1604 urbem,

170 1610 205 1661 Et
215 1614 305 1660 tandem
317 1612 398 1675 optati,
410 1628 451 1675 pro
461 1612 569 1667 libertate,
581 1614 656 1673 quiete

170 1676 305 1732 Laetantcm‚
317 1678 388 1738 possit
398 1677 471 1724 civilis
481 1692 558 1723 rursus
568 1676 592 1723 in
603 1692 670 1733 arms,

169 1741 260 1793 Rursus
271 1744 294 1789 in
305 1741 426 1789 horrendas
436 1742 530 1804 populos
541 1742 653 1803 impellere
665 1739 758 1788 clades?

122 1834 126 1841 ·
171 1808 234 1863 Quid
244 1814 319 1855 tantas
328 1808 420 1854 rictorIs
431 1823 490 1869 opes,
504 1806 642 1867 stabilitaque
652 1821 729 1869 regna,
819 1824 823 1829 ·

170 1870 280 1921 Eruere?
297 1886 325 1920 sn
336 1887 382 1919 non
392 1880 439 1919 tam
449 1870 514 1918 facile
525 1878 559 1918 est
570 1886 674 1933 suprema
684 1870 743 1917 tueri

171 1934 247 1992 Quim
258 1939 311 1984 darc
322 1936 376 1984 Diis
391 1935 501 1999 Superis?
518 1951 547 1982 an
558 1950 603 1983 non
615 1934 744 1983 mortalibus
754 1932 803 1982 ulla

169 2001 248 2050 Firma
258 2004 329 2057 datur,
340 2002 451 2063 nullisque
461 2000 526 2047 malis
536 2000 641 2049 violanda
650 1996 767 2063 potestus?

167 2065 270 2115 Nullane
278 2068 373 2113 livorem
383 2068 467 2131 poterit
478 2067 635 2113 transcendere
645 2062 735 2112 virtus?

168 2130 222 2179 Nec
230 2139 318 2180 tuntum
329 2132 403 2179 meriti
414 2132 510 2194 spatium
522 2139 562 2186 est,
574 2130 633 2192 quod
644 2144 690 2176 non
702 2128 762 2191 capit
771 2126 819 2175 ulia

168 2194 266 2245 Invidiae
277 2198 365 2244 rubies?
382 2199 410 2243 oh
423 2197 516 2245 summis
527 2196 610 2242 lubrica
621 2208 709 2257 semper

167 2258 202 2307 Et
213 2264 318 2309 minitans
329 2261 410 2309 statio!
428 2277 474 2308 non
487 2269 509 2306 te
516 2267 555 2307 tua
565 2260 661 2323 plurima
670 2256 744 2305 virtus

168 2323 285 2380 Securum,
297 2325 383 2381 Csesar,
394 2332 503 2387 praestan
520 2340 566 2370 non
577 2324 643 2370 robur
651 2322 674 2369 in
686 2322 760 2371 armis.

166 2386 223 2434 Non
233 2391 327 2442 bonitus,
338 2397 456 2449 tantasque
467 2402 558 2449 aequsns
566 2387 683 2434 clementia
694 2386 760 2431 vires.
820 2400 835 2451 χ

168 2450 309 2511 Supplicdsus
316 2452 399 2499 frustra
407 2453 505 2507 veniam,
518 2453 627 2513 victisque
638 2450 739 2503 salutem,

167 2511 324 2575 Exulibusque
332 2519 408 2563 urbem
419 2516 530 2579 permittis
540 2533 547 2573 ;
557 2514 664 2561 ‘Romula
672 2513 756 2560 trustra

167 2574 266 2637 Imperia
276 2593 385 2625 exornare
396 2579 479 2633 studes,
491 2580 544 2628 dum
555 2575 642 2643 legibus
653 2578 735 2627 orbern.

167 2636 285 2688 Emeudia'
292 2644 398 2703 prudens,
406 2651 449 2689 ‘aut
459 2644 624 2705 oppida-,diruta
635 2640 715 2690 condis
