1884 2950
147 132 179 186 52
320 139 340 174 τ·
406 126 547 186 Lucani·
558 143 569 149 ”
639 144 644 152 ·

147 257 265 308 Gallorum
272 259 363 322 populis
377 263 451 310 rnuris
460 262 499 308 sed
509 262 585 309 clausa
589 261 699 324 juventus
759 278 763 288 ·
788 273 806 285 ''

149 322 270 372 Exsultat:
290 326 340 386 quis
351 327 410 375 enim
421 327 489 374 lesos
499 327 583 388 inpune
590 334 680 388 putaret
716 333 718 337 '

144 385 205 438 Esse
216 387 298 436 Deos?
315 397 390 438 servat
399 391 482 438 multos
493 391 595 439 Fortuna
605 397 723 443 nocentes:

144 452 178 500 Et
189 451 276 500 tantiam
286 455 373 502 miseris
383 457 449 502 irasci
459 457 551 502 numina
560 465 661 518 possunt.

145 516 225 578 thue
235 520 290 565 satis
299 522 353 566 caesi
363 521 466 575 nemoris,
478 522 573 581 quaesita
583 537 622 582 per
631 536 699 582 agros
758 518 807 577 450

146 581 250 632 Plaustra
258 583 347 642 ferunt;
365 601 479 646 curvoque
489 587 531 632 soli
542 587 649 632 cessarub
659 592 733 632 aratm

143 647 262 708 Agricolae
273 651 341 710 raptis
352 665 435 696 aunum
443 647 528 696 flevdre
533 651 645 711 juvencis.

177 711 235 758 Dux
243 719 325 768 tamen,
341 715 540 776 inpatiensbaesuri
549 716 578 761 ad
588 713 672 762 moenia
682 712 773 766 Martis,

144 775 233 824 Versus
243 779 272 826 ad
283 777 397 840 Hispanas
408 781 474 834 ecies,
490 787 635 840 extremaque
644 778 729 832 mundi,

142 840 218 954 {naut
227 843 285 889 bella
295 845 353 906 geri.
385 844 484 891 Stellatis
495 845 572 890 axibus
583 859 655 906 agger

168 907 254 968 rigitur,
271 909 416 969 geminasque
427 916 542 969 aequautes
552 911 636 955 moenia
646 916 719 955 turres

143 970 247 1032 Accipit:
267 973 303 1020 bae
314 973 374 1018 nullo
385 973 483 1020 fixerunt
493 975 572 1022 robore
582 980 680 1030 terram

143 1035 190 1082 sed
200 1051 240 1097 per
250 1037 294 1082 iter
302 1036 395 1099 longum
407 1037 486 1086 caussrl
496 1035 586 1099 repsere
595 1039 681 1084 latenti.

144 1099 204 1148 Cum
215 1108 301 1150 uotum
312 1109 401 1150 nutaret
409 1098 478 1158 onus,
491 1104 577 1150 telluris
586 1104 665 1154 inanes

143 1163 293 1222 Concussisse
302 1167 363 1213 sinus
374 1175 512 1228 quaerentem
522 1183 639 1229 erumpere
648 1174 748 1221 ventum,
755 1168 807 1212 460

143 1227 251 1288 Credidit,
267 1239 291 1278 et
299 1247 376 1280 muros
386 1233 466 1280 mirata
476 1239 511 1279 est
521 1240 580 1280 stare
585 1233 701 1294 juventus.
742 1263 750 1276 ,

142 1293 210 1341 Illinc
221 1296 266 1342 tela
276 1297 358 1343 cadunt
369 1298 468 1346 excelsas
477 1299 537 1344 urbis
547 1298 571 1343 in
581 1313 651 1344 arces.

142 1359 189 1407 Sed
199 1362 270 1422 major
281 1361 352 1408 Graio
363 1361 469 1410 Romana
479 1363 502 1408 in
512 1376 606 1424 corpora
615 1355 675 1409 ferro

141 1423 186 1470 Vis
194 1424 282 1484 inerat3
299 1428 441 1488 nequeenim
453 1426 507 1475 solis
516 1441 612 1475 excussa
617 1426 707 1473 lacertis
791 1439 797 1448 ¹

117 1534 121 1539 .
140 1487 240 1545 Lancea,
257 1491 296 1537 sed
307 1492 376 1538 denso
385 1492 479 1541 ballistae
489 1494 577 1539 turbine
587 1498 656 1553 rapta,

142 1553 214 1600 Haud
224 1570 293 1602 unum
304 1564 410 1604 contenta
420 1558 478 1605 latus
488 1558 588 1610 transire,
605 1556 714 1617 quierem
797 1599 800 1606 .

141 1618 187 1667 Sed
194 1621 304 1681 -pandens
314 1636 398 1682 perque
408 1638 469 1669 arma
479 1624 545 1677 vium,
561 1637 646 1683 perque
656 1636 714 1675 ossa,
724 1616 803 1665 relicti

140 1675 229 1739 fluite,
239 1684 311 1746 fugit:
330 1695 432 1747 superest
441 1687 487 1734 telo
498 1695 549 1749 post
560 1686 654 1732 vulnera
663 1700 750 1733 curam.

140 1748 174 1793 At
185 1764 271 1805 saxum,
287 1752 375 1810 quotics
384 1752 470 1813 ingenti
481 1752 580 1799 verberis
588 1752 636 1799 ictu

140 1812 268 1868 Excutitur‚
286 1816 356 1875 qualis
367 1831 439 1876 rupes,
456 1831 523 1877 quam
533 1817 617 1863 vertice
627 1816 712 1862 montis
754 1817 803 1862 470

139 1877 243 1925 Abscidit
253 1880 341 1941 inpulsu
351 1888 469 1927 ventorum
481 1882 556 1943 adjrna
564 1888 674 1934 vetustas,

141 1941 237 2004 Frangit
244 1952 328 1991 uincta
338 1960 419 1991 mensa
438 1960 481 1991 nec
492 1953 578 1996 taum
589 1960 685 2007 corpora
693 1958 771 2005 pressa

134 2006 274 2065 *Exanimem
292 2016 409 2062 totuscum
421 2011 530 2071 sanguine
540 2010 633 2070 dissipat
642 2017 713 2058 arbas,

141 2070 176 2118 Ut
186 2081 261 2133 tamen
273 2074 364 2121 hostiles
375 2073 444 2121 densi
453 2075 566 2121 testudine
575 2089 654 2121 muros

138 2135 212 2184 Tecta
221 2138 279 2183 subit
289 2140 367 2193 virtus,
379 2141 491 2199 armisque
500 2140 577 2185 innixa
587 2140 672 2200 priores

139 2202 212 2249 Arma
221 2202 303 2257 ferunt,
320 2206 451 2267 galeamque
461 2212 569 2250 extensus
584 2205 684 2265 protegit
694 2204 771 2259 umbo;

140 2266 201 2321 Quae
211 2268 272 2329 prius
283 2283 313 2315 ex
322 2268 392 2329 longo
404 2276 528 2315 nocuerunt
538 2270 608 2315 missa
616 2284 713 2323 recessu,
798 2293 801 2301 ·

137 2330 192 2385 dam
202 2339 254 2392 post
264 2340 329 2393 terga
339 2334 436 2379 cadunt:
455 2348 497 2379 nec
508 2334 584 2380 Graiis
595 2332 686 2379 flectere
691 2334 800 2395 Jactum‚·

139 2395 189 2441 Aut
199 2396 271 2449 facilis
280 2396 343 2443 labor
353 2405 394 2452 est,
411 2398 535 2459 longinqua
544 2397 573 2445 ad
584 2398 629 2444 tela
638 2399 710 2459 parati

138 2458 257 2507 Tormenti
268 2468 354 2508 mutare
365 2463 471 2519 modum
489 2462 535 2517 sed,
552 2462 651 2523 pondere
661 2462 710 2510 solo
753 2464 802 2507 480

141 2522 257 2585 Contenti,
274 2526 340 2573 nudis
350 2528 460 2573 evolvunt
470 2542 525 2573 saxa
535 2526 640 2578 lacertis.¹

139 2586 202 2635 Dum
214 2588 376 2637 fuitarmorurn
388 2593 463 2648 series,
480 2599 506 2638 ut
516 2590 627 2653 grandine
638 2597 699 2639 tecta

138 2651 357 2717 innocudpercussa
366 2668 454 2719 sonant,
470 2656 645 2718 siccmuitiele
670 2692 674 2699 ·
