<?xml version="1.0" encoding="UTF-8"?>
<!DOCTYPE html PUBLIC "-//W3C//DTD XHTML 1.0 Transitional//EN"
    "http://www.w3.org/TR/xhtml1/DTD/xhtml1-transitional.dtd">
<html xmlns="http://www.w3.org/1999/xhtml" xml:lang="en" lang="en">
 <head>
  <title>
</title>
<meta http-equiv="Content-Type" content="text/html;charset=utf-8" />
  <meta name='ocr-system' content='tesseract 3.04.00' />
  <meta name='ocr-capabilities' content='ocr_page ocr_carea ocr_par ocr_line ocrx_word'/>
</head>
<body>
  <div class='ocr_page' id='page_1' title='image "./marciaennaeiluc00maygoog_0078.png"; bbox 0 0 1884 2950; ppageno 0'>
   <div class='ocr_carea' id='block_1_1' title="bbox 142 133 648 187">
    <p class='ocr_par' dir='ltr' id='par_1_1' title="bbox 142 133 648 187">
     <span class='ocr_line' id='line_1_1' title="bbox 142 133 648 187; baseline -0.008 -1"><span class='ocrx_word' id='word_1_1' title='bbox 142 139 175 186; x_wconf 70' lang='lat'>84</span> <span class='ocrx_word' id='word_1_2' title='bbox 398 133 542 187; x_wconf 70' lang='lat' dir='ltr'>Lucum·</span> <span class='ocrx_word' id='word_1_3' title='bbox 636 137 648 182; x_wconf 79' lang='grc'>,’</span> 
     </span>
    </p>
   </div>
   <div class='ocr_carea' id='block_1_2' title="bbox 88 263 803 2720">
    <p class='ocr_par' dir='ltr' id='par_1_2' title="bbox 139 263 716 330">
     <span class='ocr_line' id='line_1_2' title="bbox 139 263 716 330; baseline -0.003 -18"><span class='ocrx_word' id='word_1_4' title='bbox 139 266 196 312; x_wconf 87' lang='lat' dir='ltr'>Nox</span> <span class='ocrx_word' id='word_1_5' title='bbox 206 268 308 314; x_wconf 77' lang='lat' dir='ltr'><strong>subtexta</strong></span> <span class='ocrx_word' id='word_1_6' title='bbox 317 265 383 330; x_wconf 88' lang='lat' dir='ltr'>polo:</span> <span class='ocrx_word' id='word_1_7' title='bbox 401 281 477 314; x_wconf 87' lang='lat' dir='ltr'>rerum</span> <span class='ocrx_word' id='word_1_8' title='bbox 488 263 615 313; x_wconf 79' lang='lat' dir='ltr'>discrimina</span> <span class='ocrx_word' id='word_1_9' title='bbox 624 264 704 311; x_wconf 81' lang='lat' dir='ltr'>miscet</span> <span class='ocrx_word' id='word_1_10' title='bbox 713 266 716 272; x_wconf 84' lang='lat'>&#39;</span> 
     </span>
    </p>

    <p class='ocr_par' dir='ltr' id='par_1_3' title="bbox 139 330 655 394">
     <span class='ocr_line' id='line_1_3' title="bbox 139 330 655 394; baseline -0.006 -16"><span class='ocrx_word' id='word_1_11' title='bbox 139 330 257 380; x_wconf 77' lang='lat' dir='ltr'>Deformis</span> <span class='ocrx_word' id='word_1_12' title='bbox 268 333 319 378; x_wconf 81' lang='lat' dir='ltr'>coeli</span> <span class='ocrx_word' id='word_1_13' title='bbox 329 332 402 386; x_wconf 73' lang='lat' dir='ltr'>facies,</span> <span class='ocrx_word' id='word_1_14' title='bbox 410 333 542 394; x_wconf 65' lang='lat' dir='ltr'>juncoeque</span> <span class='ocrx_word' id='word_1_15' title='bbox 551 331 655 376; x_wconf 77' lang='lat' dir='ltr'>tenebrae.</span> 
     </span>
    </p>

    <p class='ocr_par' dir='ltr' id='par_1_4' title="bbox 140 393 702 459">
     <span class='ocr_line' id='line_1_4' title="bbox 140 393 702 459; baseline -0.005 -17"><span class='ocrx_word' id='word_1_16' title='bbox 140 395 179 442; x_wconf 86' lang='lat' dir='ltr'>Sic</span> <span class='ocrx_word' id='word_1_17' title='bbox 189 398 266 443; x_wconf 89' lang='lat' dir='ltr'>mundi</span> <span class='ocrx_word' id='word_1_18' title='bbox 277 412 328 458; x_wconf 81' lang='lat' dir='ltr'>pers</span> <span class='ocrx_word' id='word_1_19' title='bbox 338 398 456 459; x_wconf 83' lang='lat' dir='ltr'>imajscet,</span> <span class='ocrx_word' id='word_1_20' title='bbox 468 411 534 458; x_wconf 79' lang='lat' dir='ltr'>quum</span> <span class='ocrx_word' id='word_1_21' title='bbox 546 409 606 440; x_wconf 77' lang='lat' dir='ltr'>zona</span> <span class='ocrx_word' id='word_1_22' title='bbox 616 393 702 447; x_wconf 75' lang='lat' dir='ltr'>niualis,</span> 
     </span>
    </p>

    <p class='ocr_par' dir='ltr' id='par_1_5' title="bbox 140 456 741 522">
     <span class='ocr_line' id='line_1_5' title="bbox 140 456 741 522; baseline -0.007 -15"><span class='ocrx_word' id='word_1_23' title='bbox 140 458 303 522; x_wconf 82' lang='lat' dir='ltr'>Perpetuaeque</span> <span class='ocrx_word' id='word_1_24' title='bbox 313 469 416 522; x_wconf 88' lang='lat' dir='ltr'>premunt</span> <span class='ocrx_word' id='word_1_25' title='bbox 426 462 523 507; x_wconf 81' lang='lat' dir='ltr'>hiemes:</span> <span class='ocrx_word' id='word_1_26' title='bbox 542 474 589 506; x_wconf 92' lang='lat' dir='ltr'>non</span> <span class='ocrx_word' id='word_1_27' title='bbox 600 459 672 505; x_wconf 81' lang='lat' dir='ltr'>sidero</span> <span class='ocrx_word' id='word_1_28' title='bbox 681 456 741 504; x_wconf 85' lang='lat' dir='ltr'>coelo</span> 
     </span>
    </p>

    <p class='ocr_par' dir='ltr' id='par_1_6' title="bbox 141 521 732 587">
     <span class='ocr_line' id='line_1_6' title="bbox 141 521 732 587; baseline -0.008 -15"><span class='ocrx_word' id='word_1_29' title='bbox 141 521 196 582; x_wconf 71' lang='lat' dir='ltr'>Utts</span> <span class='ocrx_word' id='word_1_30' title='bbox 203 527 270 580; x_wconf 77' lang='lat' dir='ltr'>uidet,</span> <span class='ocrx_word' id='word_1_31' title='bbox 283 527 351 572; x_wconf 90' lang='lat' dir='ltr'>sterili</span> <span class='ocrx_word' id='word_1_32' title='bbox 362 541 408 573; x_wconf 91' lang='lat' dir='ltr'>non</span> <span class='ocrx_word' id='word_1_33' title='bbox 419 526 538 587; x_wconf 78' lang='lat' dir='ltr'>quidquem</span> <span class='ocrx_word' id='word_1_34' title='bbox 549 525 634 585; x_wconf 80' lang='lat' dir='ltr'>frigore</span> <span class='ocrx_word' id='word_1_35' title='bbox 643 521 732 585; x_wconf 76' lang='lat' dir='ltr'>gignit3</span> 
     </span>
    </p>

    <p class='ocr_par' dir='ltr' id='par_1_7' title="bbox 139 589 684 669">
     <span class='ocr_line' id='line_1_7' title="bbox 139 589 684 669; baseline -0.004 -33"><span class='ocrx_word' id='word_1_36' title='bbox 139 589 185 636; x_wconf 84' lang='lat' dir='ltr'>Sed</span> <span class='ocrx_word' id='word_1_37' title='bbox 195 591 267 669; x_wconf 66' lang='lat' dir='ltr'>plocio</span> <span class='ocrx_word' id='word_1_38' title='bbox 276 592 361 637; x_wconf 88' lang='lat' dir='ltr'>medios</span> <span class='ocrx_word' id='word_1_39' title='bbox 372 605 488 652; x_wconf 68' lang='lat' dir='ltr'>sqgnorum</span> <span class='ocrx_word' id='word_1_40' title='bbox 494 596 602 651; x_wconf 79' lang='lat' dir='ltr'>temperet</span> <span class='ocrx_word' id='word_1_41' title='bbox 612 589 684 650; x_wconf 86' lang='lat' dir='ltr'>ignes.</span> 
     </span>
    </p>

    <p class='ocr_par' dir='ltr' id='par_1_8' title="bbox 139 647 802 716">
     <span class='ocr_line' id='line_1_8' title="bbox 139 647 802 716; baseline -0.011 -15"><span class='ocrx_word' id='word_1_42' title='bbox 139 654 185 708; x_wconf 82' lang='lat' dir='ltr'>Sic,</span> <span class='ocrx_word' id='word_1_43' title='bbox 197 671 211 700; x_wconf 90' lang='lat' dir='ltr'>o</span> <span class='ocrx_word' id='word_1_44' title='bbox 221 667 309 702; x_wconf 89' lang='lat' dir='ltr'>summe</span> <span class='ocrx_word' id='word_1_45' title='bbox 318 670 397 716; x_wconf 77' lang='lat' dir='ltr'>parens</span> <span class='ocrx_word' id='word_1_46' title='bbox 408 656 492 708; x_wconf 87' lang='lat' dir='ltr'>mundi,</span> <span class='ocrx_word' id='word_1_47' title='bbox 503 655 542 708; x_wconf 88' lang='lat' dir='ltr'>sic,</span> <span class='ocrx_word' id='word_1_48' title='bbox 553 661 613 700; x_wconf 90' lang='lat' dir='ltr'>sorte</span> <span class='ocrx_word' id='word_1_49' title='bbox 623 647 722 699; x_wconf 62' lang='lat' dir='ltr'>secundi</span> <span class='ocrx_word' id='word_1_50' title='bbox 753 647 802 694; x_wconf 88' lang='grc'>110</span> 
     </span>
    </p>

    <p class='ocr_par' dir='ltr' id='par_1_9' title="bbox 138 718 674 781">
     <span class='ocr_line' id='line_1_9' title="bbox 138 718 674 781; baseline -0.004 -15"><span class='ocrx_word' id='word_1_51' title='bbox 138 718 249 780; x_wconf 85' lang='lat' dir='ltr'>AEquorei</span> <span class='ocrx_word' id='word_1_52' title='bbox 260 729 339 774; x_wconf 91' lang='lat' dir='ltr'>rector,</span> <span class='ocrx_word' id='word_1_53' title='bbox 350 720 424 774; x_wconf 71' lang='lat' dir='ltr'>facins,</span> <span class='ocrx_word' id='word_1_54' title='bbox 436 719 550 781; x_wconf 80' lang='lat' dir='ltr'>Neptune,</span> <span class='ocrx_word' id='word_1_55' title='bbox 558 718 674 766; x_wconf 82' lang='lat' dir='ltr'>tridentis:</span> 
     </span>
    </p>

    <p class='ocr_par' dir='ltr' id='par_1_10' title="bbox 138 783 611 848">
     <span class='ocr_line' id='line_1_10' title="bbox 138 783 611 848; baseline -0.008 -16"><span class='ocrx_word' id='word_1_56' title='bbox 138 783 173 832; x_wconf 88' lang='lat' dir='ltr'>Et</span> <span class='ocrx_word' id='word_1_57' title='bbox 183 791 208 829; x_wconf 91' lang='lat' dir='ltr'>tu</span> <span class='ocrx_word' id='word_1_58' title='bbox 218 785 446 848; x_wconf 83' lang='lat' dir='ltr'>perpetuisinpendes</span> <span class='ocrx_word' id='word_1_59' title='bbox 456 785 508 830; x_wconf 62' lang='lat' dir='ltr'>adra</span> <span class='ocrx_word' id='word_1_60' title='bbox 518 784 611 832; x_wconf 85' lang='lat' dir='ltr'>nimbis:</span> 
     </span>
    </p>

    <p class='ocr_par' dir='ltr' id='par_1_11' title="bbox 140 847 733 909">
     <span class='ocr_line' id='line_1_11' title="bbox 140 847 733 909; baseline -0.002 -16"><span class='ocrx_word' id='word_1_61' title='bbox 140 847 177 893; x_wconf 88' lang='lat' dir='ltr'>Tu</span> <span class='ocrx_word' id='word_1_62' title='bbox 188 863 287 895; x_wconf 82' lang='lat' dir='ltr'>remeare</span> <span class='ocrx_word' id='word_1_63' title='bbox 297 857 365 903; x_wconf 86' lang='lat' dir='ltr'>vetes,</span> <span class='ocrx_word' id='word_1_64' title='bbox 377 863 529 909; x_wconf 87' lang='lat' dir='ltr'>quoscumque</span> <span class='ocrx_word' id='word_1_65' title='bbox 539 847 645 900; x_wconf 83' lang='lat' dir='ltr'>emiseris,</span> <span class='ocrx_word' id='word_1_66' title='bbox 657 849 733 892; x_wconf 76' lang='lat' dir='ltr'>aestuu</span> 
     </span>
    </p>

    <p class='ocr_par' dir='ltr' id='par_1_12' title="bbox 139 911 726 963">
     <span class='ocr_line' id='line_1_12' title="bbox 139 911 726 963; baseline -0.003 -5"><span class='ocrx_word' id='word_1_67' title='bbox 139 911 197 958; x_wconf 90' lang='lat' dir='ltr'>Non</span> <span class='ocrx_word' id='word_1_68' title='bbox 206 913 300 960; x_wconf 76' lang='lat' dir='ltr'>habeant</span> <span class='ocrx_word' id='word_1_69' title='bbox 310 929 387 960; x_wconf 83' lang='lat' dir='ltr'>amnes</span> <span class='ocrx_word' id='word_1_70' title='bbox 397 914 505 961; x_wconf 81' lang='lat' dir='ltr'>declivem</span> <span class='ocrx_word' id='word_1_71' title='bbox 516 913 544 958; x_wconf 81' lang='lat' dir='ltr'>ed</span> <span class='ocrx_word' id='word_1_72' title='bbox 553 913 619 957; x_wconf 79' lang='lat' dir='ltr'>litora</span> <span class='ocrx_word' id='word_1_73' title='bbox 628 925 726 963; x_wconf 84' lang='lat' dir='ltr'>cursum,</span> 
     </span>
    </p>

    <p class='ocr_par' dir='ltr' id='par_1_13' title="bbox 140 974 734 1038">
     <span class='ocr_line' id='line_1_13' title="bbox 140 974 734 1038; baseline -0.005 -15"><span class='ocrx_word' id='word_1_74' title='bbox 140 977 185 1023; x_wconf 87' lang='lat' dir='ltr'>Sed</span> <span class='ocrx_word' id='word_1_75' title='bbox 195 977 267 1038; x_wconf 84' lang='lat' dir='ltr'>pelugi</span> <span class='ocrx_word' id='word_1_76' title='bbox 279 977 401 1026; x_wconf 78' lang='lat' dir='ltr'>referentur</span> <span class='ocrx_word' id='word_1_77' title='bbox 411 979 475 1038; x_wconf 74' lang='lat' dir='ltr'>equis</span> <span class='ocrx_word' id='word_1_78' title='bbox 481 995 489 1035; x_wconf 87' lang='lat'>;</span> <span class='ocrx_word' id='word_1_79' title='bbox 505 990 659 1035; x_wconf 72' lang='lat' dir='ltr'>concussaque</span> <span class='ocrx_word' id='word_1_80' title='bbox 667 974 734 1020; x_wconf 84' lang='lat' dir='ltr'>tellus</span> 
     </span>
    </p>

    <p class='ocr_par' dir='ltr' id='par_1_14' title="bbox 138 1039 741 1103">
     <span class='ocr_line' id='line_1_14' title="bbox 138 1039 741 1103; baseline -0.017 -10"><span class='ocrx_word' id='word_1_81' title='bbox 138 1039 213 1092; x_wconf 70' lang='lat' dir='ltr'>Laxet</span> <span class='ocrx_word' id='word_1_82' title='bbox 223 1043 266 1092; x_wconf 83' lang='lat' dir='ltr'>iter</span> <span class='ocrx_word' id='word_1_83' title='bbox 275 1041 362 1090; x_wconf 86' lang='lat' dir='ltr'>fluviis:</span> <span class='ocrx_word' id='word_1_84' title='bbox 382 1044 424 1089; x_wconf 90' lang='lat' dir='ltr'>hos</span> <span class='ocrx_word' id='word_1_85' title='bbox 435 1057 525 1103; x_wconf 81' lang='lat' dir='ltr'>campos</span> <span class='ocrx_word' id='word_1_86' title='bbox 535 1041 631 1087; x_wconf 80' lang='lat' dir='ltr'>Rhenus</span> <span class='ocrx_word' id='word_1_87' title='bbox 640 1039 741 1090; x_wconf 85' lang='lat' dir='ltr'>inundet,</span> 
     </span>
    </p>

    <p class='ocr_par' dir='ltr' id='par_1_15' title="bbox 140 1103 753 1170">
     <span class='ocr_line' id='line_1_15' title="bbox 140 1103 753 1170; baseline -0.005 -19"><span class='ocrx_word' id='word_1_88' title='bbox 140 1103 193 1152; x_wconf 92' lang='lat' dir='ltr'>Hos</span> <span class='ocrx_word' id='word_1_89' title='bbox 204 1105 341 1154; x_wconf 80' lang='lat' dir='ltr'>Rhodanus:</span> <span class='ocrx_word' id='word_1_90' title='bbox 355 1115 430 1154; x_wconf 80' lang='lat' dir='ltr'>vastos</span> <span class='ocrx_word' id='word_1_91' title='bbox 440 1107 555 1170; x_wconf 80' lang='lat' dir='ltr'>obliquent</span> <span class='ocrx_word' id='word_1_92' title='bbox 564 1105 658 1150; x_wconf 72' lang='lat' dir='ltr'>flumine</span> <span class='ocrx_word' id='word_1_93' title='bbox 666 1103 753 1168; x_wconf 81' lang='lat' dir='ltr'>fqntes.</span> 
     </span>
    </p>

    <p class='ocr_par' dir='ltr' id='par_1_16' title="bbox 138 1169 727 1232">
     <span class='ocr_line' id='line_1_16' title="bbox 138 1169 727 1232; baseline -0.007 -14"><span class='ocrx_word' id='word_1_94' title='bbox 138 1169 245 1232; x_wconf 82' lang='lat' dir='ltr'>Rhipaeas</span> <span class='ocrx_word' id='word_1_95' title='bbox 256 1173 300 1218; x_wconf 87' lang='lat' dir='ltr'>huc</span> <span class='ocrx_word' id='word_1_96' title='bbox 311 1173 373 1219; x_wconf 87' lang='lat' dir='ltr'>solve</span> <span class='ocrx_word' id='word_1_97' title='bbox 383 1173 452 1225; x_wconf 90' lang='lat' dir='ltr'>nives,</span> <span class='ocrx_word' id='word_1_98' title='bbox 464 1172 509 1216; x_wconf 87' lang='lat' dir='ltr'>huc</span> <span class='ocrx_word' id='word_1_99' title='bbox 519 1177 604 1231; x_wconf 76' lang='lat' dir='ltr'>stagna,</span> <span class='ocrx_word' id='word_1_100' title='bbox 615 1169 727 1227; x_wconf 66' lang='lat' dir='ltr'>usuque,</span> 
     </span>
    </p>

    <p class='ocr_par' dir='ltr' id='par_1_17' title="bbox 138 1231 802 1298">
     <span class='ocr_line' id='line_1_17' title="bbox 138 1231 802 1298; baseline -0.005 -17"><span class='ocrx_word' id='word_1_101' title='bbox 138 1231 172 1282; x_wconf 91' lang='lat' dir='ltr'>Et</span> <span class='ocrx_word' id='word_1_102' title='bbox 179 1235 260 1298; x_wconf 74' lang='lat' dir='ltr'>pigros,</span> <span class='ocrx_word' id='word_1_103' title='bbox 272 1238 404 1297; x_wconf 89' lang='lat' dir='ltr'>ubicumque</span> <span class='ocrx_word' id='word_1_104' title='bbox 410 1238 494 1298; x_wconf 75' lang='lat' dir='ltr'>jacent,</span> <span class='ocrx_word' id='word_1_105' title='bbox 505 1234 595 1281; x_wconf 82' lang='lat' dir='ltr'>effirnde</span> <span class='ocrx_word' id='word_1_106' title='bbox 603 1233 709 1294; x_wconf 67' lang='lat' dir='ltr'>paludes,</span> <span class='ocrx_word' id='word_1_107' title='bbox 799 1263 802 1269; x_wconf 79' lang='lat'><em>‚</em></span> 
     </span>
    </p>

    <p class='ocr_par' dir='ltr' id='par_1_18' title="bbox 138 1296 798 1436">
     <span class='ocr_line' id='line_1_18' title="bbox 138 1296 798 1361; baseline -0.011 -13"><span class='ocrx_word' id='word_1_108' title='bbox 138 1299 173 1348; x_wconf 89' lang='lat' dir='ltr'>Et</span> <span class='ocrx_word' id='word_1_109' title='bbox 183 1301 274 1347; x_wconf 85' lang='lat' dir='ltr'>miseras</span> <span class='ocrx_word' id='word_1_110' title='bbox 284 1301 347 1348; x_wconf 87' lang='lat' dir='ltr'>bellis</span> <span class='ocrx_word' id='word_1_111' title='bbox 357 1301 458 1348; x_wconf 88' lang='lat' dir='ltr'>civilibus</span> <span class='ocrx_word' id='word_1_112' title='bbox 468 1301 529 1361; x_wconf 90' lang='lat' dir='ltr'>eripe</span> <span class='ocrx_word' id='word_1_113' title='bbox 537 1307 615 1345; x_wconf 79' lang='lat' dir='ltr'>terres.</span> <span class='ocrx_word' id='word_1_114' title='bbox 748 1296 798 1342; x_wconf 75' lang='lat'>120</span> 
     </span>
     <span class='ocr_line' id='line_1_19' title="bbox 171 1363 675 1436; baseline -0.004 -25"><span class='ocrx_word' id='word_1_115' title='bbox 171 1363 217 1412; x_wconf 88' lang='lat' dir='ltr'>Sed</span> <span class='ocrx_word' id='word_1_116' title='bbox 226 1380 295 1426; x_wconf 82' lang='lat' dir='ltr'>parvo</span> <span class='ocrx_word' id='word_1_117' title='bbox 307 1365 407 1412; x_wconf 73' lang='lat' dir='ltr'>Fortuna</span> <span class='ocrx_word' id='word_1_118' title='bbox 417 1366 459 1436; x_wconf 70' lang='lat' dir='ltr'>viri</span> <span class='ocrx_word' id='word_1_119' title='bbox 470 1370 576 1410; x_wconf 78' lang='lat' dir='ltr'>contentu</span> <span class='ocrx_word' id='word_1_120' title='bbox 585 1376 675 1424; x_wconf 73' lang='lat' dir='ltr'>pavore,</span> 
     </span>
    </p>

    <p class='ocr_par' dir='ltr' id='par_1_19' title="bbox 139 1424 693 1491">
     <span class='ocr_line' id='line_1_20' title="bbox 139 1424 693 1491; baseline -0.007 -14"><span class='ocrx_word' id='word_1_121' title='bbox 139 1426 210 1477; x_wconf 81' lang='lat' dir='ltr'>Piens</span> <span class='ocrx_word' id='word_1_122' title='bbox 221 1430 292 1487; x_wconf 84' lang='lat' dir='ltr'>redit;</span> <span class='ocrx_word' id='word_1_123' title='bbox 310 1430 418 1491; x_wconf 86' lang='lat' dir='ltr'>solitoque</span> <span class='ocrx_word' id='word_1_124' title='bbox 428 1429 501 1491; x_wconf 78' lang='lat' dir='ltr'>tnagis</span> <span class='ocrx_word' id='word_1_125' title='bbox 508 1425 585 1476; x_wconf 72' lang='lat' dir='ltr'>fuvere</span> <span class='ocrx_word' id='word_1_126' title='bbox 595 1424 693 1481; x_wconf 85' lang='lat' dir='ltr'>secundi,</span> 
     </span>
    </p>

    <p class='ocr_par' dir='ltr' id='par_1_20' title="bbox 138 1492 653 1557">
     <span class='ocr_line' id='line_1_21' title="bbox 138 1492 653 1557; baseline -0.01 -14"><span class='ocrx_word' id='word_1_127' title='bbox 138 1494 173 1543; x_wconf 90' lang='lat' dir='ltr'>Et</span> <span class='ocrx_word' id='word_1_128' title='bbox 180 1495 268 1541; x_wconf 83' lang='lat' dir='ltr'>veniam</span> <span class='ocrx_word' id='word_1_129' title='bbox 279 1492 383 1542; x_wconf 67' lang='lat' dir='ltr'>meruere</span> <span class='ocrx_word' id='word_1_130' title='bbox 395 1494 456 1552; x_wconf 87' lang='lat' dir='ltr'>Dei;</span> <span class='ocrx_word' id='word_1_131' title='bbox 468 1496 517 1557; x_wconf 77' lang='lat' dir='ltr'>jum</span> <span class='ocrx_word' id='word_1_132' title='bbox 528 1494 598 1539; x_wconf 76' lang='lat' dir='ltr'>rarior</span> <span class='ocrx_word' id='word_1_133' title='bbox 608 1493 653 1547; x_wconf 73' lang='lat' dir='ltr'>set,</span> 
     </span>
    </p>

    <p class='ocr_par' dir='ltr' id='par_1_21' title="bbox 138 1556 705 1621">
     <span class='ocr_line' id='line_1_22' title="bbox 138 1556 705 1621; baseline -0.007 -14"><span class='ocrx_word' id='word_1_134' title='bbox 138 1558 173 1607; x_wconf 87' lang='lat' dir='ltr'>Et</span> <span class='ocrx_word' id='word_1_135' title='bbox 182 1574 223 1621; x_wconf 78' lang='lat' dir='ltr'>ptu-</span> <span class='ocrx_word' id='word_1_136' title='bbox 230 1558 406 1621; x_wconf 75' lang='lat' dir='ltr'>Phoebusoquis,</span> <span class='ocrx_word' id='word_1_137' title='bbox 418 1560 498 1607; x_wconf 80' lang='lat' dir='ltr'>densus</span> <span class='ocrx_word' id='word_1_138' title='bbox 507 1560 531 1605; x_wconf 91' lang='lat' dir='ltr'>in</span> <span class='ocrx_word' id='word_1_139' title='bbox 541 1558 624 1605; x_wconf 82' lang='lat' dir='ltr'>vellere</span> <span class='ocrx_word' id='word_1_140' title='bbox 633 1556 705 1605; x_wconf 80' lang='lat' dir='ltr'>nuber</span> 
     </span>
    </p>

    <p class='ocr_par' dir='ltr' id='par_1_22' title="bbox 139 1621 679 1685">
     <span class='ocr_line' id='line_1_23' title="bbox 139 1621 679 1685; baseline -0.006 -15"><span class='ocrx_word' id='word_1_141' title='bbox 139 1624 260 1685; x_wconf 77' lang='lat' dir='ltr'>Sparserat,</span> <span class='ocrx_word' id='word_1_142' title='bbox 271 1632 295 1670; x_wconf 90' lang='lat' dir='ltr'>et</span> <span class='ocrx_word' id='word_1_143' title='bbox 305 1632 382 1671; x_wconf 84' lang='lat' dir='ltr'>noctes</span> <span class='ocrx_word' id='word_1_144' title='bbox 392 1621 487 1671; x_wconf 78' lang='lat' dir='ltr'>venturis</span> <span class='ocrx_word' id='word_1_145' title='bbox 496 1624 547 1670; x_wconf 88' lang='lat' dir='ltr'>luce</span> <span class='ocrx_word' id='word_1_146' title='bbox 556 1622 679 1679; x_wconf 67' lang='lat' dir='ltr'>rubebunt,</span> 
     </span>
    </p>

    <p class='ocr_par' dir='ltr' id='par_1_23' title="bbox 139 1686 657 1750">
     <span class='ocr_line' id='line_1_24' title="bbox 139 1686 657 1750; baseline -0.006 -15"><span class='ocrx_word' id='word_1_147' title='bbox 139 1686 278 1750; x_wconf 81' lang='lat' dir='ltr'>Servatoque</span> <span class='ocrx_word' id='word_1_148' title='bbox 289 1690 339 1735; x_wconf 84' lang='lat' dir='ltr'>loco</span> <span class='ocrx_word' id='word_1_149' title='bbox 350 1704 430 1743; x_wconf 89' lang='lat' dir='ltr'>rerum,</span> <span class='ocrx_word' id='word_1_150' title='bbox 442 1689 543 1735; x_wconf 75' lang='lat' dir='ltr'>discessit</span> <span class='ocrx_word' id='word_1_151' title='bbox 552 1688 580 1733; x_wconf 82' lang='lat' dir='ltr'>ub</span> <span class='ocrx_word' id='word_1_152' title='bbox 591 1687 657 1733; x_wconf 81' lang='lat' dir='ltr'>astris</span> 
     </span>
    </p>

    <p class='ocr_par' dir='ltr' id='par_1_24' title="bbox 138 1751 757 1816">
     <span class='ocr_line' id='line_1_25' title="bbox 138 1751 757 1816; baseline -0.003 -17"><span class='ocrx_word' id='word_1_153' title='bbox 138 1751 238 1807; x_wconf 84' lang='lat' dir='ltr'>Humor,</span> <span class='ocrx_word' id='word_1_154' title='bbox 251 1762 274 1799; x_wconf 89' lang='lat' dir='ltr'>et</span> <span class='ocrx_word' id='word_1_155' title='bbox 284 1754 329 1800; x_wconf 85' lang='lat' dir='ltr'>ima</span> <span class='ocrx_word' id='word_1_156' title='bbox 335 1754 397 1816; x_wconf 86' lang='lat' dir='ltr'>petit,</span> <span class='ocrx_word' id='word_1_157' title='bbox 406 1754 513 1815; x_wconf 73' lang='lat' dir='ltr'>quidqmd</span> <span class='ocrx_word' id='word_1_158' title='bbox 522 1752 631 1814; x_wconf 69' lang='lat' dir='ltr'>pendebat</span> <span class='ocrx_word' id='word_1_159' title='bbox 641 1763 757 1810; x_wconf 67' lang='lat' dir='ltr'>oquuum.</span> 
     </span>
    </p>

    <p class='ocr_par' dir='ltr' id='par_1_25' title="bbox 137 1814 684 1880">
     <span class='ocr_line' id='line_1_26' title="bbox 137 1814 684 1880; baseline -0.007 -15"><span class='ocrx_word' id='word_1_160' title='bbox 137 1816 229 1865; x_wconf 78' lang='lat' dir='ltr'>Tollere</span> <span class='ocrx_word' id='word_1_161' title='bbox 237 1818 293 1866; x_wconf 82' lang='lat' dir='ltr'>silva</span> <span class='ocrx_word' id='word_1_162' title='bbox 303 1832 384 1873; x_wconf 81' lang='lat' dir='ltr'>eomes,</span> <span class='ocrx_word' id='word_1_163' title='bbox 396 1820 482 1880; x_wconf 74' lang='lat' dir='ltr'>stagnis</span> <span class='ocrx_word' id='word_1_164' title='bbox 490 1831 606 1879; x_wconf 78' lang='lat' dir='ltr'>emergere</span> <span class='ocrx_word' id='word_1_165' title='bbox 615 1814 684 1862; x_wconf 84' lang='lat' dir='ltr'>colles</span> 
     </span>
    </p>

    <p class='ocr_par' dir='ltr' id='par_1_26' title="bbox 138 1880 621 1945">
     <span class='ocr_line' id='line_1_27' title="bbox 138 1880 621 1945; baseline -0.004 -16"><span class='ocrx_word' id='word_1_166' title='bbox 138 1880 258 1945; x_wconf 83' lang='lat' dir='ltr'>Incipiunt,</span> <span class='ocrx_word' id='word_1_167' title='bbox 271 1884 362 1945; x_wconf 83' lang='lat' dir='ltr'>visoque</span> <span class='ocrx_word' id='word_1_168' title='bbox 373 1884 409 1929; x_wconf 91' lang='lat' dir='ltr'>die</span> <span class='ocrx_word' id='word_1_169' title='bbox 418 1884 536 1929; x_wconf 82' lang='lat' dir='ltr'>durescere</span> <span class='ocrx_word' id='word_1_170' title='bbox 545 1881 621 1927; x_wconf 76' lang='lat' dir='ltr'>velles.</span> 
     </span>
    </p>

    <p class='ocr_par' dir='ltr' id='par_1_27' title="bbox 109 1943 801 2011">
     <span class='ocr_line' id='line_1_28' title="bbox 109 1943 801 2011; baseline -0.007 -16"><span class='ocrx_word' id='word_1_171' title='bbox 109 1950 111 1953; x_wconf 79' lang='grc'><strong>’</strong></span> <span class='ocrx_word' id='word_1_172' title='bbox 171 1947 249 2009; x_wconf 86' lang='lat' dir='ltr'>thue</span> <span class='ocrx_word' id='word_1_173' title='bbox 255 1949 330 1996; x_wconf 77' lang='lat' dir='ltr'>habuit</span> <span class='ocrx_word' id='word_1_174' title='bbox 337 1950 394 2011; x_wconf 75' lang='lat' dir='ltr'>ripas</span> <span class='ocrx_word' id='word_1_175' title='bbox 402 1948 492 2002; x_wconf 86' lang='lat' dir='ltr'>Sicoris,</span> <span class='ocrx_word' id='word_1_176' title='bbox 503 1960 637 2008; x_wconf 72' lang='lat' dir='ltr'>camposque</span> <span class='ocrx_word' id='word_1_177' title='bbox 644 1944 739 2005; x_wconf 85' lang='lat' dir='ltr'>reliquit,</span> <span class='ocrx_word' id='word_1_178' title='bbox 750 1943 801 1991; x_wconf 76' lang='lat' dir='ltr'>leo</span> 
     </span>
    </p>

    <p class='ocr_par' dir='ltr' id='par_1_28' title="bbox 138 2010 702 2072">
     <span class='ocr_line' id='line_1_29' title="bbox 138 2010 702 2072; baseline -0.009 -13"><span class='ocrx_word' id='word_1_179' title='bbox 138 2010 240 2069; x_wconf 66' lang='lat' dir='ltr'>Psimtlm</span> <span class='ocrx_word' id='word_1_180' title='bbox 251 2028 308 2061; x_wconf 80' lang='lat' dir='ltr'>cens</span> <span class='ocrx_word' id='word_1_181' title='bbox 318 2014 374 2061; x_wconf 79' lang='lat' dir='ltr'>salix</span> <span class='ocrx_word' id='word_1_182' title='bbox 384 2013 509 2059; x_wconf 78' lang='lat' dir='ltr'>madefacto</span> <span class='ocrx_word' id='word_1_183' title='bbox 518 2012 602 2057; x_wconf 81' lang='lat' dir='ltr'>simine</span> <span class='ocrx_word' id='word_1_184' title='bbox 611 2024 702 2072; x_wconf 61' lang='lat' dir='ltr'>mom</span> 
     </span>
    </p>

    <p class='ocr_par' dir='ltr' id='par_1_29' title="bbox 137 2076 702 2141">
     <span class='ocr_line' id='line_1_30' title="bbox 137 2076 702 2141; baseline -0.011 -16"><span class='ocrx_word' id='word_1_185' title='bbox 137 2076 235 2129; x_wconf 83' lang='lat' dir='ltr'>Texitur</span> <span class='ocrx_word' id='word_1_186' title='bbox 244 2080 267 2125; x_wconf 88' lang='lat' dir='ltr'>in</span> <span class='ocrx_word' id='word_1_187' title='bbox 277 2080 375 2141; x_wconf 87' lang='lat' dir='ltr'>puppim,</span> <span class='ocrx_word' id='word_1_188' title='bbox 385 2092 491 2137; x_wconf 80' lang='lat' dir='ltr'>eoesoque</span> <span class='ocrx_word' id='word_1_189' title='bbox 500 2076 591 2123; x_wconf 78' lang='lat' dir='ltr'>intucta</span> <span class='ocrx_word' id='word_1_190' title='bbox 595 2076 702 2137; x_wconf 84' lang='lat' dir='ltr'>juvenco,</span> 
     </span>
    </p>

    <p class='ocr_par' dir='ltr' id='par_1_30' title="bbox 138 2141 723 2204">
     <span class='ocr_line' id='line_1_31' title="bbox 138 2141 723 2204; baseline -0.005 -16"><span class='ocrx_word' id='word_1_191' title='bbox 138 2141 244 2189; x_wconf 84' lang='lat' dir='ltr'>Vectoris</span> <span class='ocrx_word' id='word_1_192' title='bbox 253 2145 346 2204; x_wconf 76' lang='lat' dir='ltr'>patiens,</span> <span class='ocrx_word' id='word_1_193' title='bbox 359 2142 467 2188; x_wconf 85' lang='lat' dir='ltr'>tumidum</span> <span class='ocrx_word' id='word_1_194' title='bbox 475 2147 617 2202; x_wconf 73' lang='lat' dir='ltr'>suspesenotst</span> <span class='ocrx_word' id='word_1_195' title='bbox 627 2152 723 2185; x_wconf 68' lang='lat' dir='ltr'>amnuo.</span> 
     </span>
    </p>

    <p class='ocr_par' dir='ltr' id='par_1_31' title="bbox 139 2203 747 2270">
     <span class='ocr_line' id='line_1_32' title="bbox 139 2203 747 2270; baseline -0.01 -15"><span class='ocrx_word' id='word_1_196' title='bbox 139 2208 177 2255; x_wconf 87' lang='lat' dir='ltr'>Sic</span> <span class='ocrx_word' id='word_1_197' title='bbox 188 2206 292 2256; x_wconf 89' lang='lat' dir='ltr'>Venetus</span> <span class='ocrx_word' id='word_1_198' title='bbox 302 2213 420 2270; x_wconf 68' lang='lat' dir='ltr'>stagnante</span> <span class='ocrx_word' id='word_1_199' title='bbox 432 2206 501 2260; x_wconf 77' lang='lat' dir='ltr'>Pedo,</span> <span class='ocrx_word' id='word_1_200' title='bbox 512 2205 608 2265; x_wconf 79' lang='lat' dir='ltr'>fusoque</span> <span class='ocrx_word' id='word_1_201' title='bbox 619 2203 747 2251; x_wconf 68' lang='lat' dir='ltr'>Britannus</span> 
     </span>
    </p>

    <p class='ocr_par' dir='ltr' id='par_1_32' title="bbox 88 2267 725 2333">
     <span class='ocr_line' id='line_1_33' title="bbox 88 2267 725 2333; baseline -0.008 -15"><span class='ocrx_word' id='word_1_202' title='bbox 88 2296 90 2303; x_wconf 94' lang='lat'>·</span> <span class='ocrx_word' id='word_1_203' title='bbox 138 2271 240 2333; x_wconf 77' lang='lat' dir='ltr'>Navigat</span> <span class='ocrx_word' id='word_1_204' title='bbox 251 2272 357 2319; x_wconf 75' lang='lat' dir='ltr'>Oceano:</span> <span class='ocrx_word' id='word_1_205' title='bbox 377 2273 415 2325; x_wconf 87' lang='lat' dir='ltr'>sic,</span> <span class='ocrx_word' id='word_1_206' title='bbox 428 2286 480 2318; x_wconf 88' lang='lat' dir='ltr'>cum</span> <span class='ocrx_word' id='word_1_207' title='bbox 490 2277 553 2317; x_wconf 78' lang='lat' dir='ltr'>tenet</span> <span class='ocrx_word' id='word_1_208' title='bbox 563 2270 639 2315; x_wconf 80' lang='lat' dir='ltr'>omnis</span> <span class='ocrx_word' id='word_1_209' title='bbox 649 2267 725 2322; x_wconf 83' lang='lat' dir='ltr'>Nilus,</span> 
     </span>
    </p>

    <p class='ocr_par' dir='ltr' id='par_1_33' title="bbox 138 2334 691 2399">
     <span class='ocr_line' id='line_1_34' title="bbox 138 2334 691 2399; baseline -0.005 -16"><span class='ocrx_word' id='word_1_210' title='bbox 138 2334 270 2383; x_wconf 77' lang='lat' dir='ltr'>Conseritur</span> <span class='ocrx_word' id='word_1_211' title='bbox 280 2335 354 2383; x_wconf 78' lang='lat' dir='ltr'>bibult</span> <span class='ocrx_word' id='word_1_212' title='bbox 364 2335 498 2399; x_wconf 72' lang='lat' dir='ltr'>Memphitis</span> <span class='ocrx_word' id='word_1_213' title='bbox 507 2335 589 2395; x_wconf 84' lang='lat' dir='ltr'>cymbs</span> <span class='ocrx_word' id='word_1_214' title='bbox 597 2347 691 2395; x_wconf 72' lang='lat' dir='ltr'>papyro.</span> 
     </span>
    </p>

    <p class='ocr_par' dir='ltr' id='par_1_34' title="bbox 138 2398 697 2463">
     <span class='ocr_line' id='line_1_35' title="bbox 138 2398 697 2463; baseline -0.004 -17"><span class='ocrx_word' id='word_1_215' title='bbox 138 2398 185 2446; x_wconf 85' lang='lat' dir='ltr'>His</span> <span class='ocrx_word' id='word_1_216' title='bbox 196 2401 279 2447; x_wconf 81' lang='lat' dir='ltr'>retibus</span> <span class='ocrx_word' id='word_1_217' title='bbox 289 2402 381 2463; x_wconf 79' lang='lat' dir='ltr'>trajecta</span> <span class='ocrx_word' id='word_1_218' title='bbox 392 2414 471 2447; x_wconf 77' lang='lat' dir='ltr'>munus</span> <span class='ocrx_word' id='word_1_219' title='bbox 481 2399 573 2445; x_wconf 78' lang='lat' dir='ltr'>festinet</span> <span class='ocrx_word' id='word_1_220' title='bbox 583 2399 697 2457; x_wconf 83' lang='lat' dir='ltr'>utrimque</span> 
     </span>
    </p>

    <p class='ocr_par' dir='ltr' id='par_1_35' title="bbox 138 2462 682 2523">
     <span class='ocr_line' id='line_1_36' title="bbox 138 2462 682 2523; baseline -0.006 -12"><span class='ocrx_word' id='word_1_221' title='bbox 138 2464 254 2511; x_wconf 79' lang='lat' dir='ltr'>Succisum</span> <span class='ocrx_word' id='word_1_222' title='bbox 266 2479 358 2511; x_wconf 82' lang='lat' dir='ltr'>curvare</span> <span class='ocrx_word' id='word_1_223' title='bbox 368 2479 459 2521; x_wconf 87' lang='lat' dir='ltr'>nemus;</span> <span class='ocrx_word' id='word_1_224' title='bbox 484 2462 591 2523; x_wconf 83' lang='lat' dir='ltr'>fluviique</span> <span class='ocrx_word' id='word_1_225' title='bbox 600 2462 682 2509; x_wconf 78' lang='lat' dir='ltr'>ferocis</span> 
     </span>
    </p>

    <p class='ocr_par' dir='ltr' id='par_1_36' title="bbox 136 2525 777 2589">
     <span class='ocr_line' id='line_1_37' title="bbox 136 2525 777 2589; baseline -0.005 -15"><span class='ocrx_word' id='word_1_226' title='bbox 136 2526 279 2575; x_wconf 70' lang='lat' dir='ltr'>Incrementa</span> <span class='ocrx_word' id='word_1_227' title='bbox 288 2529 377 2584; x_wconf 86' lang='lat' dir='ltr'>timens,</span> <span class='ocrx_word' id='word_1_228' title='bbox 389 2544 436 2575; x_wconf 91' lang='lat' dir='ltr'>non</span> <span class='ocrx_word' id='word_1_229' title='bbox 445 2529 523 2589; x_wconf 91' lang='lat' dir='ltr'>primis</span> <span class='ocrx_word' id='word_1_230' title='bbox 533 2528 613 2573; x_wconf 81' lang='lat' dir='ltr'>robers</span> <span class='ocrx_word' id='word_1_231' title='bbox 620 2525 674 2587; x_wconf 79' lang='lat' dir='ltr'>ripis</span> <span class='ocrx_word' id='word_1_232' title='bbox 773 2555 777 2562; x_wconf 86' lang='lat'><em>-</em></span> 
     </span>
    </p>

    <p class='ocr_par' dir='ltr' id='par_1_37' title="bbox 136 2590 803 2654">
     <span class='ocr_line' id='line_1_38' title="bbox 136 2590 803 2654; baseline 0.003 -17"><span class='ocrx_word' id='word_1_233' title='bbox 136 2590 255 2653; x_wconf 79' lang='lat' dir='ltr'>Inposuit3</span> <span class='ocrx_word' id='word_1_234' title='bbox 273 2593 358 2639; x_wconf 86' lang='lat' dir='ltr'>medios</span> <span class='ocrx_word' id='word_1_235' title='bbox 367 2600 459 2654; x_wconf 87' lang='lat' dir='ltr'>pontem</span> <span class='ocrx_word' id='word_1_236' title='bbox 470 2592 576 2639; x_wconf 81' lang='lat' dir='ltr'>distendit</span> <span class='ocrx_word' id='word_1_237' title='bbox 584 2592 609 2638; x_wconf 90' lang='lat' dir='ltr'>in</span> <span class='ocrx_word' id='word_1_238' title='bbox 619 2604 688 2651; x_wconf 71' lang='lat' dir='ltr'>egros</span> <span class='ocrx_word' id='word_1_239' title='bbox 694 2604 704 2647; x_wconf 79' lang='lat'>3</span> <span class='ocrx_word' id='word_1_240' title='bbox 754 2590 803 2634; x_wconf 82' lang='lat'>140</span> 
     </span>
    </p>

    <p class='ocr_par' dir='ltr' id='par_1_38' title="bbox 137 2655 662 2720">
     <span class='ocr_line' id='line_1_39' title="bbox 137 2655 662 2720; baseline 0 -17"><span class='ocrx_word' id='word_1_241' title='bbox 137 2657 180 2711; x_wconf 83' lang='lat' dir='ltr'>Ac,</span> <span class='ocrx_word' id='word_1_242' title='bbox 192 2657 285 2718; x_wconf 81' lang='lat' dir='ltr'>nequid</span> <span class='ocrx_word' id='word_1_243' title='bbox 296 2656 380 2705; x_wconf 83' lang='lat' dir='ltr'>Sicoris</span> <span class='ocrx_word' id='word_1_244' title='bbox 390 2657 490 2720; x_wconf 83' lang='lat' dir='ltr'>repetitis</span> <span class='ocrx_word' id='word_1_245' title='bbox 499 2656 582 2709; x_wconf 70' lang='lat' dir='ltr'>msdest</span> <span class='ocrx_word' id='word_1_246' title='bbox 589 2655 662 2712; x_wconf 76' lang='lat' dir='ltr'>undis.</span> 
     </span>
    </p>
   </div>
   <div class='ocr_carea' id='block_1_3' title="bbox 0 0 946 2950">
    <p class='ocr_par' dir='ltr' id='par_1_39' title="bbox 0 0 946 2950">
     <span class='ocr_line' id='line_1_40' title="bbox 0 0 946 2950; baseline 0 0"><span class='ocrx_word' id='word_1_247' title='bbox 0 0 946 2950; x_wconf 95' lang='lat' dir='ltr'> </span> 
     </span>
    </p>
   </div>
  </div>
 </body>
</html>
