1884 2950
315 150 522 202 PHARSALIAE
538 151 632 200 ων.
770 157 800 201 ot

171 275 276 342 Virginei
286 279 378 342 patuere
389 282 440 338 doli,
450 281 552 344 fecitque,
564 281 653 345 negetis

137 339 283 398 Numimlrus,
294 353 367 392 metus
376 348 424 409 ipse
433 347 516 404 iidem3
528 355 582 394 tunc
592 354 651 394 torta
660 347 744 408 priores

138 406 235 469 Stringit
246 410 304 456 vitta
313 425 394 465 comas,
406 412 528 472 crinesque
539 413 562 458 in
573 419 637 473 terga
647 411 738 465 solutos

140 468 242 519 Candide
254 473 367 520 Phocaicd
377 476 532 536 complectitur
541 476 612 522 infisls
621 476 691 522 leuto·

141 533 283 592 Haerentem‚
295 539 425 600 dubiamque
434 556 538 602 premens
548 541 570 586 in
582 540 665 601 templa
674 539 777 586 ssserdos

141 597 242 661 Inpulitz
261 603 305 657 illa,
317 619 401 665 pavens
412 605 471 664 adyti
484 605 596 666 penetrale
606 605 686 650 remoti

140 663 274 720 Fatidicum,
284 667 356 728 primi
366 669 498 730 templorum
509 670 532 715 in
543 676 605 730 parte
612 669 710 726 resistit3

141 728 217 790 Atque
229 729 307 776 Deum
319 732 430 786 simulans,
440 735 484 778 sub
493 742 582 794 pectore
592 732 645 778 ficte
654 734 731 793 quieto

141 791 216 840 Verba
226 794 301 848 refert,
310 797 371 842 nullo
381 796 481 843 consusae
490 812 604 843 murmure
612 797 675 843 voris

141 855 275 906 Instinctam
286 875 348 906 sacro
359 865 456 906 mentem
468 867 549 907 testate
557 861 648 918 furore3
756 861 804 907 150

141 919 212 968 Haud
223 919 288 984 aequei
298 924 379 972 laesura
389 925 474 980 ducem,
485 926 521 971 oui
530 925 587 972 falsa
597 925 695 980 canebat,

142 983 218 1038 Quirm
225 988 323 1048 tripodas
335 987 457 1050 Phoebique
464 989 530 1036 fidem
540 1009 546 1035 ι
567 1005 612 1037 non
621 997 685 1051 rupte
691 989 796 1037 trecenti

142 1049 218 1098 Verba
229 1067 292 1106 sono,
303 1067 345 1098 nec
355 1069 401 1100 vox
412 1055 469 1100 antri
480 1054 590 1116 complere
600 1055 686 1116 capacis

142 1113 261 1162 Sufficiens
272 1112 373 1177 spatium,
384 1118 490 1179 nulloque
499 1119 590 1164 horrore
600 1132 713 1165 comanun

142 1177 255 1226 Excussae
264 1180 346 1234 laurus,
357 1182 485 1243 inmotaque
494 1183 571 1229 limina
580 1183 663 1244 templi,

143 1243 297 1305 Securumque
307 1241 392 1302 nemus,
403 1249 497 1294 veritam
507 1263 532 1294 se
543 1248 631 1294 medere
643 1245 730 1293 Phoebo

143 1306 298 1356 Prodidetant„
326 1311 400 1358 Sensit
407 1313 504 1373 tripodas
514 1328 605 1367 cessare,
616 1311 735 1372 furensque

145 1371 244 1434 Appius3
262 1373 295 1420 Et
305 1376 368 1422 nobis
378 1377 468 1423 meritas
479 1377 539 1424 dabis
547 1377 607 1439 inpia
616 1391 701 1438 poenas,

145 1435 178 1483 Et
188 1437 285 1500 Superis,
297 1455 352 1501 quos
362 1439 436 1503 tingis,
448 1442 485 1496 ait,
496 1443 538 1488 nisi
548 1442 656 1503 mergeris
664 1441 741 1495 antris,

146 1500 229 1563 Deque
240 1505 298 1551 orbis
309 1505 387 1567 trepidi
403 1513 465 1553 tanto
476 1508 577 1553 consulta
587 1506 684 1553 tumultu
760 1509 807 1552 160

146 1565 240 1615 Desinis
249 1566 298 1630 ipsa
307 1570 374 1630 loqui.
405 1570 506 1617 Tandem
518 1577 637 1618 contemta
644 1571 709 1633 virgo

97 1692 99 1695 Ι
147 1628 259 1694 Coniugis
268 1634 296 1680 ad
306 1634 409 1695 tripodes,
420 1635 534 1695 vastisque
543 1634 638 1682 adducta
647 1636 748 1682 cavernis

147 1695 230 1751 Haesit,
242 1705 265 1743 et
276 1698 363 1745 insueto
374 1700 475 1761 concepit
484 1706 575 1760 pectore
581 1714 671 1754 numen,

147 1760 221 1815 Quod.
233 1777 279 1807 non
290 1764 403 1809 exhaustae
413 1780 453 1825 per
462 1770 497 1809 tot
503 1764 551 1826 jam
562 1765 642 1819 secrrla,
653 1764 714 1831 rupis

147 1824 243 1887 Spiritus
253 1827 347 1888 ingessit
357 1829 416 1885 vati3
433 1829 566 1889 tandemque
575 1830 659 1891 potitus

147 1888 243 1937 Pectore
252 1888 360 1945 Cirrhaeo,
372 1908 417 1938 non
428 1908 533 1953 umquam
543 1894 629 1955 plenior
639 1898 702 1939 artus

147 1952 273 2001 Phoebodos
284 1956 366 2019 inrupit
377 1955 462 2014 Peeen3
479 1964 622 2017 mentemque
631 1958 727 2019 priorem

147 2018 248 2080 Expulit,
260 2026 326 2080 atque
336 2021 447 2070 homiuem
459 2028 508 2068 toto
519 2023 558 2068 sibi
569 2022 647 2068 cedere
653 2022 722 2084 jussit

147 2081 258 2141 Pectorez
277 2085 395 2131 baechatur
406 2085 498 2133 demens
508 2087 579 2133 aliene
588 2100 628 2147 per
639 2092 728 2131 autrum

147 2145 213 2195 Colle
220 2146 300 2203 fereris,
311 2150 422 2210 vittasque
433 2149 486 2203 Dei,
498 2150 640 2211 Phoebeaque
650 2158 715 2205 serta,
762 2152 809 2196 170

146 2210 237 2275 ¹Erectis
248 2211 346 2261 discussa
357 2216 433 2269 cornis,
443 2230 484 2275 per
493 2216 568 2261 inania
576 2214 654 2276 templi

147 2277 247 2339 Ancipiti
258 2279 344 2325 cervice
355 2286 419 2333 rotet,
431 2280 558 2340 spargitque
567 2280 659 2340 vaganti

147 2340 267 2388 Obstantes
277 2342 380 2404 tripodes,
397 2358 525 2404 magnoque
535 2351 644 2390 exaestuat
654 2344 714 2405 igne,

147 2404 233 2452 Iratum
245 2414 274 2459 te,
287 2404 379 2461 Pboebe,
389 2407 479 2453 ferens:
498 2423 539 2455 nec
549 2410 641 2455 verbere
648 2408 697 2455 solo

149 2468 232 2524 Uteris,
244 2477 267 2516 et
278 2472 388 2527 stimulis;
405 2470 506 2518 flammas
516 2472 540 2517 in
549 2474 635 2518 viscera
644 2472 728 2533 mergis
738 2486 746 2513 τ

149 2534 238 2595 Accipit
249 2541 272 2581 et
281 2526 367 2581 frenos:
382 2550 423 2581 nec
433 2540 520 2580 tentum
531 2536 624 2595 prodere
633 2536 687 2589 vati,
768 2538 771 2543 '

149 2598 265 2651 Quantum
277 2602 339 2653 scire,
350 2600 412 2645 licet:
431 2599 494 2643 venit
505 2605 560 2645 aetas
569 2600 643 2645 omnis
652 2601 676 2644 in
687 2612 757 2645 unam

149 2660 301 2726 congeriem
317 2664 466 2725 miserumque
481 2669 586 2729 premunt
594 2669 630 2709 tot
634 2662 715 2721 ⁸secula
726 2668 813 2723 pectus.
