1884 2950
142 111 174 154 os
409 103 546 158 ,LUCANI

138 234 262 282 Donavere
273 234 338 281 diem.
356 225 493 288 Prono'tum
506 234 584 284 Caessr
595 235 696 301 Olympo

138 297 168 346 In
179 306 269 346 noctem
280 295 352 346 subiti
362 300 507 346 circumdedit
517 303 607 362 agmina
615 302 683 358 foss&

138 362 204 411 Dum
215 365 292 426 primae
303 365 482 426 praestantacies,
493 366 626 428 hostemque
634 367 719 424 fefellit,
767 371 802 414 50

138 427 172 477 Et
182 445 251 491 prope
262 430 370 476 consertis
381 429 474 475 obduxit
484 437 556 476 castra
566 433 675 494 maniplis.

139 491 204 540 Luce
214 492 274 541 novit
285 495 364 540 collem
376 494 449 540 subito
460 497 610 542 conscendere
620 513 694 553 cursu,

139 557 187 606 Qui
198 561 284 606 medius
294 567 366 606 tutem
377 559 455 605 castris
465 559 581 606 dirimebat
591 559 696 618 Ilerdam,
781 590 783 595 .

138 621 244 684 Inperst:
263 625 306 669 huc
318 624 405 688 hostem
416 624 498 685 pariter
508 631 631 686 terrorque,
642 628 758 688 pudorque

138 685 239 749 Inpulit:
260 695 282 734 et
293 697 356 750 rapto
368 689 479 734 tumulum
489 689 549 750 prior
559 691 649 752 agmine
659 693 725 753 cepit.

130 749 185 810 ΙΗὶε
195 753 272 807 virtus,
284 752 412 813 ferrumque
421 753 496 799 locum
507 757 629 816 promittit:
648 757 726 804 stillis

138 814 191 878 Ipse
202 817 270 872 locus,
282 818 345 864 miles
357 833 423 879 rupes
434 826 540 866 oneratus
551 821 574 865 in
585 821 641 867 ultas

139 879 241 939 Nititur3
259 882 396 942 adversoque
407 883 465 928 acies
476 884 500 929 in
510 892 588 930 monte
599 884 678 947 supini

138 944 227 1002 Haeret,
239 953 262 993 et
272 947 296 994 in
306 954 395 1008 tergum
407 962 491 1003 casura,
501 950 599 996 umbone
608 950 723 1011 sequentis

48 1027 49 1032 ¹
137 1009 254 1072 Erigitur:
275 1011 330 1058 nulli
340 1013 409 1058 telum
419 1013 507 1058 vibrare
517 1015 616 1061 vacobot.
767 1014 801 1059 40

139 1075 204 1122 Dum
215 1077 280 1132 labat,
292 1083 315 1122 et
325 1075 371 1123 fixo
381 1075 455 1123 firmet
465 1078 562 1139 vestigia
570 1079 623 1140 pilo,

139 1139 204 1188 Dum
216 1141 318 1204 scopulos
330 1143 452 1204 stirpesque
462 1148 546 1196 tenent,
557 1150 625 1204 etque
635 1145 701 1193 hoste
710 1144 789 1192 relicto

140 1203 238 1254 Caedunt
249 1221 303 1253 ense
312 1207 379 1262 vienn,
391 1207 447 1253 vidit
457 1205 546 1268 lapsum
556 1208 620 1255 utini

139 1271 241 1332 Agmina
251 1273 303 1327 dux,
314 1273 455 1332 equitemque
462 1273 527 1334 jubet
536 1274 655 1329 succedere
663 1273 729 1330 bello,

138 1334 301 1397 Munitumque
310 1337 369 1384 lotus
379 1337 438 1382 laevo
447 1338 576 1399 praeducere
585 1353 651 1400 gyro.

140 1399 178 1447 Sic
188 1401 256 1462 pedes
267 1414 296 1446 ex
306 1401 372 1456 facili,
379 1402 486 1462 nulloque
495 1410 607 1464 urguente
616 1410 725 1466 receptus,

139 1461 226 1513 Inritus
236 1474 260 1513 et
269 1465 342 1513 victor
353 1467 461 1515 subducto
472 1466 549 1515 Morte
558 1469 669 1531 pependit.

172 1528 291 1578 Hactenus
302 1547 414 1579 armorum
425 1533 565 1580 discrimina:
584 1541 659 1581 cetero
668 1532 727 1581 bello

140 1592 198 1643 Fato
208 1592 268 1642 dedit
278 1597 346 1645 variis
356 1598 454 1645 incertus
465 1599 562 1645 motibus
573 1600 618 1645 oet.

139 1658 210 1722 Pigro
220 1662 299 1707 brums
308 1662 368 1723 gelu,
381 1664 488 1724 siccisque
499 1663 648 1724 Aquilonibus
657 1664 753 1718 hoerens,
768 1663 801 1709 50

138 1724 235 1773 AEthere
246 1728 366 1789 constricto
376 1728 462 1790 pluvios
473 1728 497 1774 in
508 1729 567 1774 nube
576 1730 671 1775 tenebat

139 1790 241 1840 Urebant
251 1799 358 1839 montane
368 1794 438 1846 nives,
450 1807 586 1854 cssnposqne
590 1795 693 1857 jacentes

137 1854 194 1901 Non
206 1856 318 1905 dursturae
329 1865 449 1919 conspecto
460 1858 508 1904 sole
517 1860 620 1920 pruinae5

139 1921 217 1981 Atque
228 1922 307 1977 omnis,
319 1924 408 1985 propior
418 1924 529 1985 mergenti
540 1924 612 1970 sidere
621 1923 687 1978 ossio,

138 1986 236 2035 Aruerat
246 1987 318 2041 tellus,
330 1986 421 2033 hiberno
433 1988 488 2035 dura
499 2004 584 2035 sereno.

138 2050 190 2105 Sed,
202 2058 320 2111 postquem
330 2066 413 2099 vernus
423 2052 519 2099 calidum
530 2052 613 2100 'litans
622 2052 712 2115 recepit,

139 2114 217 2170 Sidera
227 2117 353 2177 respiciens,
365 2118 461 2179 delspsse
470 2118 565 2179 portitor
577 2117 682 2172 Helles·
800 2173 804 2179 Ι

139 2178 217 2241 Atque
227 2181 308 2228 iterum
319 2183 412 2243 aequstis
422 2182 526 2246 adjustae
535 2184 634 2244 pondero
644 2182 722 2231 an

136 2243 286 2306 Temporibus
295 2247 370 2293 vicere
380 2246 441 2308 dies5
458 2254 519 2303 tunc,
531 2248 579 2295 sole
588 2248 672 2301 relicto,

139 2308 246 2371 Cynthia,
257 2324 302 2371 quo
312 2312 409 2372 primum
420 2327 491 2359 cornu
501 2313 621 2360 dubltsnds
630 2311 724 2365 rdsrlslt,
768 2314 802 2357 60

138 2372 244 2421 Exclusit
255 2374 351 2430 Borean,
367 2374 514 2443 flammasque
523 2379 608 2440 accepit
618 2378 645 2423 sb
656 2376 728 2423 Euro.
800 2392 803 2397 ·

138 2437 182 2484 Ille
192 2454 233 2485 suo
244 2441 314 2489 nubes
325 2454 477 2502 quoscumque
486 2443 573 2488 invenit
582 2443 605 2487 in
616 2454 666 2496 sxe,

137 2500 215 2549 Torsit
224 2504 248 2551 in
259 2506 377 2553 occiduum
389 2504 504 2557 Nubatoeis
514 2506 602 2553 fletibus
612 2506 703 2562 orbem

136 2565 171 2613 Et
181 2582 236 2629 ques
247 2570 315 2616 sentit
326 2570 407 2627 Arabs,
418 2579 441 2618 et
451 2587 508 2633 quos
519 2572 646 2633 Gangetica
654 2571 722 2617 tellus
797 2579 799 2584 '

136 2630 236 2683 Exhalat
243 2635 344 2695 nebrssss
356 2636 464 2701 quidqud
474 2650 618 2693 concussere
626 2635 714 2699 primus
