<?xml version="1.0" encoding="UTF-8"?>
<!DOCTYPE html PUBLIC "-//W3C//DTD XHTML 1.0 Transitional//EN"
    "http://www.w3.org/TR/xhtml1/DTD/xhtml1-transitional.dtd">
<html xmlns="http://www.w3.org/1999/xhtml" xml:lang="en" lang="en">
 <head>
  <title>
</title>
<meta http-equiv="Content-Type" content="text/html;charset=utf-8" />
  <meta name='ocr-system' content='tesseract 3.04.00' />
  <meta name='ocr-capabilities' content='ocr_page ocr_carea ocr_par ocr_line ocrx_word'/>
</head>
<body>
  <div class='ocr_page' id='page_1' title='image "./marciaennaeiluc00maygoog_0134.png"; bbox 0 0 1884 2950; ppageno 0'>
   <div class='ocr_carea' id='block_1_1' title="bbox 164 154 571 207">
    <p class='ocr_par' dir='ltr' id='par_1_1' title="bbox 164 154 571 207">
     <span class='ocr_line' id='line_1_1' title="bbox 164 154 571 207; baseline -0.012 0"><span class='ocrx_word' id='word_1_1' title='bbox 164 162 212 207; x_wconf 68' lang='lat'><strong>120</strong></span> <span class='ocrx_word' id='word_1_2' title='bbox 349 170 352 177; x_wconf 89' lang='grc'><em>“</em></span> <span class='ocrx_word' id='word_1_3' title='bbox 435 154 571 207; x_wconf 69' lang='lat' dir='ltr'><strong>Lucam</strong></span> 
     </span>
    </p>
   </div>
   <div class='ocr_carea' id='block_1_2' title="bbox 162 283 830 2744">
    <p class='ocr_par' dir='ltr' id='par_1_2' title="bbox 164 283 827 349">
     <span class='ocr_line' id='line_1_2' title="bbox 164 283 827 349; baseline 0 -15"><span class='ocrx_word' id='word_1_4' title='bbox 164 285 204 341; x_wconf 83' lang='lat' dir='ltr'><strong>Et,</strong></span> <span class='ocrx_word' id='word_1_5' title='bbox 216 288 304 348; x_wconf 76' lang='lat' dir='ltr'><strong>quoties</strong></span> <span class='ocrx_word' id='word_1_6' title='bbox 315 287 381 335; x_wconf 76' lang='lat' dir='ltr'><strong>raeuir</strong></span> <span class='ocrx_word' id='word_1_7' title='bbox 392 303 448 349; x_wconf 86' lang='lat' dir='ltr'><strong>opus</strong></span> <span class='ocrx_word' id='word_1_8' title='bbox 459 294 494 334; x_wconf 85' lang='lat' dir='ltr'><strong>eat</strong></span> <span class='ocrx_word' id='word_1_9' title='bbox 504 285 632 333; x_wconf 75' lang='lat' dir='ltr'><strong>acforiiinu</strong></span> <span class='ocrx_word' id='word_1_10' title='bbox 641 283 732 341; x_wconf 81' lang='lat' dir='ltr'><strong>umbria,</strong></span> <span class='ocrx_word' id='word_1_11' title='bbox 775 288 827 334; x_wconf 76' lang='lat'><strong>560</strong></span> 
     </span>
    </p>

    <p class='ocr_par' dir='ltr' id='par_1_3' title="bbox 163 350 815 413">
     <span class='ocr_line' id='line_1_3' title="bbox 163 350 815 413; baseline 0.003 -16"><span class='ocrx_word' id='word_1_12' title='bbox 163 350 218 413; x_wconf 79' lang='lat' dir='ltr'><strong>Ipsa</strong></span> <span class='ocrx_word' id='word_1_13' title='bbox 227 352 282 399; x_wconf 81' lang='lat' dir='ltr'><strong>facit</strong></span> <span class='ocrx_word' id='word_1_14' title='bbox 292 367 381 399; x_wconf 80' lang='lat' dir='ltr'><strong>manea:</strong></span> <span class='ocrx_word' id='word_1_15' title='bbox 401 353 516 399; x_wconf 89' lang='lat' dir='ltr'><strong>hominum</strong></span> <span class='ocrx_word' id='word_1_16' title='bbox 527 366 589 397; x_wconf 80' lang='lat' dir='ltr'><strong>mora</strong></span> <span class='ocrx_word' id='word_1_17' title='bbox 600 350 673 397; x_wconf 87' lang='lat' dir='ltr'><strong>onmia</strong></span> <span class='ocrx_word' id='word_1_18' title='bbox 683 351 707 397; x_wconf 91' lang='lat' dir='ltr'><strong>in</strong></span> <span class='ocrx_word' id='word_1_19' title='bbox 718 364 760 399; x_wconf 85' lang='lat' dir='ltr'><strong>uau</strong></span> <span class='ocrx_word' id='word_1_20' title='bbox 771 358 815 399; x_wconf 80' lang='lat' dir='ltr'><strong>ert.</strong></span> 
     </span>
    </p>

    <p class='ocr_par' dir='ltr' id='par_1_4' title="bbox 163 414 680 479">
     <span class='ocr_line' id='line_1_4' title="bbox 163 414 680 479; baseline -0.002 -18"><span class='ocrx_word' id='word_1_21' title='bbox 163 414 207 463; x_wconf 85' lang='lat' dir='ltr'><strong>Illa</strong></span> <span class='ocrx_word' id='word_1_22' title='bbox 217 432 284 479; x_wconf 77' lang='lat' dir='ltr'><strong>genae</strong></span> <span class='ocrx_word' id='word_1_23' title='bbox 294 417 372 463; x_wconf 87' lang='lat' dir='ltr'><strong>florem</strong></span> <span class='ocrx_word' id='word_1_24' title='bbox 384 418 492 479; x_wconf 79' lang='lat' dir='ltr'><strong>primaevo</strong></span> <span class='ocrx_word' id='word_1_25' title='bbox 502 430 596 477; x_wconf 88' lang='lat' dir='ltr'><strong>corpore</strong></span> <span class='ocrx_word' id='word_1_26' title='bbox 605 415 680 469; x_wconf 74' lang='lat' dir='ltr'><strong>nulrit,</strong></span> 
     </span>
    </p>

    <p class='ocr_par' dir='ltr' id='par_1_5' title="bbox 163 478 691 541">
     <span class='ocr_line' id='line_1_5' title="bbox 163 478 691 541; baseline -0.006 -13"><span class='ocrx_word' id='word_1_27' title='bbox 163 478 207 528; x_wconf 86' lang='lat' dir='ltr'><strong>Ilia</strong></span> <span class='ocrx_word' id='word_1_28' title='bbox 218 496 305 528; x_wconf 80' lang='lat' dir='ltr'><strong>comum</strong></span> <span class='ocrx_word' id='word_1_29' title='bbox 316 480 374 529; x_wconf 79' lang='lat' dir='ltr'><strong>laevi</strong></span> <span class='ocrx_word' id='word_1_30' title='bbox 382 481 486 529; x_wconf 83' lang='lat' dir='ltr'><strong>morienti</strong></span> <span class='ocrx_word' id='word_1_31' title='bbox 497 480 589 527; x_wconf 83' lang='lat' dir='ltr'><strong>abacidit</strong></span> <span class='ocrx_word' id='word_1_32' title='bbox 598 480 691 541; x_wconf 83' lang='lat' dir='ltr'>ephebo.</span> 
     </span>
    </p>

    <p class='ocr_par' dir='ltr' id='par_1_6' title="bbox 164 544 681 609">
     <span class='ocr_line' id='line_1_6' title="bbox 164 544 681 609; baseline -0.008 -16"><span class='ocrx_word' id='word_1_33' title='bbox 164 546 231 609; x_wconf 74' lang='lat' dir='ltr'><strong>Saepe</strong></span> <span class='ocrx_word' id='word_1_34' title='bbox 241 548 308 593; x_wconf 85' lang='lat' dir='ltr'><strong>etiam</strong></span> <span class='ocrx_word' id='word_1_35' title='bbox 319 547 383 601; x_wconf 79' lang='lat' dir='ltr'><strong>caris,</strong></span> <span class='ocrx_word' id='word_1_36' title='bbox 392 552 493 607; x_wconf 81' lang='lat' dir='ltr'><strong>cognato</strong></span> <span class='ocrx_word' id='word_1_37' title='bbox 504 546 528 592; x_wconf 90' lang='lat' dir='ltr'><strong>in</strong></span> <span class='ocrx_word' id='word_1_38' title='bbox 537 544 622 598; x_wconf 68' lang='lat' dir='ltr'><strong>funere,</strong></span> <span class='ocrx_word' id='word_1_39' title='bbox 633 544 681 590; x_wconf 88' lang='lat' dir='ltr'><strong>dira</strong></span> 
     </span>
    </p>

    <p class='ocr_par' dir='ltr' id='par_1_7' title="bbox 162 607 792 671">
     <span class='ocr_line' id='line_1_7' title="bbox 162 607 792 671; baseline -0.008 -14"><span class='ocrx_word' id='word_1_40' title='bbox 162 610 387 665; x_wconf 72' lang='lat' dir='ltr'><strong>&#39;lbeaaalinincubuit</strong></span> <span class='ocrx_word' id='word_1_41' title='bbox 396 611 513 666; x_wconf 77' lang='lat' dir='ltr'><strong>membrir3</strong></span> <span class='ocrx_word' id='word_1_42' title='bbox 530 617 597 669; x_wconf 89' lang='lat' dir='ltr'><strong>atque</strong></span> <span class='ocrx_word' id='word_1_43' title='bbox 606 609 683 655; x_wconf 80' lang='lat' dir='ltr'><strong>orcula</strong></span> <span class='ocrx_word' id='word_1_44' title='bbox 696 607 792 671; x_wconf 78' lang='lat' dir='ltr'><strong>fingeor,</strong></span> 
     </span>
    </p>

    <p class='ocr_par' dir='ltr' id='par_1_8' title="bbox 163 673 761 737">
     <span class='ocr_line' id='line_1_8' title="bbox 163 673 761 737; baseline -0.003 -14"><span class='ocrx_word' id='word_1_45' title='bbox 163 676 333 736; x_wconf 80' lang='lat' dir='ltr'><strong>Truncavitque</strong></span> <span class='ocrx_word' id='word_1_46' title='bbox 343 682 415 737; x_wconf 87' lang='lat' dir='ltr'><strong>caput,</strong></span> <span class='ocrx_word' id='word_1_47' title='bbox 429 688 600 735; x_wconf 84' lang='lat' dir='ltr'><strong>compreaaaque</strong></span> <span class='ocrx_word' id='word_1_48' title='bbox 609 673 711 719; x_wconf 79' lang='lat' dir='ltr'><strong>dentibus</strong></span> <span class='ocrx_word' id='word_1_49' title='bbox 721 689 761 721; x_wconf 88' lang='lat' dir='ltr'><strong>ora</strong></span> 
     </span>
    </p>

    <p class='ocr_par' dir='ltr' id='par_1_9' title="bbox 164 737 743 800">
     <span class='ocr_line' id='line_1_9' title="bbox 164 737 743 800; baseline -0.01 -13"><span class='ocrx_word' id='word_1_50' title='bbox 164 740 276 796; x_wconf 78' lang='lat' dir='ltr'><strong>Laxavit3</strong></span> <span class='ocrx_word' id='word_1_51' title='bbox 294 741 398 800; x_wconf 74' lang='lat' dir='ltr'><strong>siccoque</strong></span> <span class='ocrx_word' id='word_1_52' title='bbox 408 741 530 785; x_wconf 80' lang='lat' dir='ltr'><strong>haerentem</strong></span> <span class='ocrx_word' id='word_1_53' title='bbox 541 744 633 800; x_wconf 81' lang='lat' dir='ltr'><strong>gutture</strong></span> <span class='ocrx_word' id='word_1_54' title='bbox 643 737 743 799; x_wconf 83' lang='lat' dir='ltr'><strong>linguam</strong></span> 
     </span>
    </p>

    <p class='ocr_par' dir='ltr' id='par_1_10' title="bbox 164 802 717 865">
     <span class='ocr_line' id='line_1_10' title="bbox 164 802 717 865; baseline -0.013 -12"><span class='ocrx_word' id='word_1_55' title='bbox 164 804 328 859; x_wconf 76' lang='lat' dir='ltr'><strong>l’rremordens,</strong></span> <span class='ocrx_word' id='word_1_56' title='bbox 340 804 420 865; x_wconf 82' lang='lat' dir='ltr'><strong>gelidis</strong></span> <span class='ocrx_word' id='word_1_57' title='bbox 429 803 512 849; x_wconf 84' lang='lat' dir='ltr'><strong>infudit</strong></span> <span class='ocrx_word' id='word_1_58' title='bbox 521 816 635 849; x_wconf 78' lang='lat' dir='ltr'><strong>murmura</strong></span> <span class='ocrx_word' id='word_1_59' title='bbox 643 802 717 856; x_wconf 82' lang='lat' dir='ltr'><strong>lubria,</strong></span> 
     </span>
    </p>

    <p class='ocr_par' dir='ltr' id='par_1_11' title="bbox 165 866 826 993">
     <span class='ocr_line' id='line_1_11' title="bbox 165 866 769 929; baseline -0.002 -14"><span class='ocrx_word' id='word_1_60' title='bbox 165 869 325 929; x_wconf 75' lang='lat' dir='ltr'><strong>Arcanumque</strong></span> <span class='ocrx_word' id='word_1_61' title='bbox 336 868 399 915; x_wconf 74' lang='lat' dir='ltr'><strong>nefas</strong></span> <span class='ocrx_word' id='word_1_62' title='bbox 408 868 500 929; x_wconf 78' lang='lat' dir='ltr'><strong>Stygius</strong></span> <span class='ocrx_word' id='word_1_63' title='bbox 510 866 624 913; x_wconf 79' lang='lat' dir='ltr'><strong>mundwit</strong></span> <span class='ocrx_word' id='word_1_64' title='bbox 633 866 663 911; x_wconf 84' lang='lat' dir='ltr'><strong>ad</strong></span> <span class='ocrx_word' id='word_1_65' title='bbox 673 868 769 914; x_wconf 78' lang='lat' dir='ltr'><strong>umbrae.</strong></span> 
     </span>
     <span class='ocr_line' id='line_1_12' title="bbox 196 930 826 993; baseline 0 -14"><span class='ocrx_word' id='word_1_66' title='bbox 196 932 266 980; x_wconf 85' lang='lat' dir='ltr'><strong>Hanc</strong></span> <span class='ocrx_word' id='word_1_67' title='bbox 277 939 302 979; x_wconf 87' lang='lat' dir='ltr'><strong>ut</strong></span> <span class='ocrx_word' id='word_1_68' title='bbox 311 932 372 979; x_wconf 83' lang='lat' dir='ltr'><strong>sarna</strong></span> <span class='ocrx_word' id='word_1_69' title='bbox 381 932 425 979; x_wconf 88' lang='lat' dir='ltr'><strong>loci</strong></span> <span class='ocrx_word' id='word_1_70' title='bbox 436 931 546 993; x_wconf 87' lang='lat' dir='ltr'><strong>Pompeio</strong></span> <span class='ocrx_word' id='word_1_71' title='bbox 556 930 659 992; x_wconf 79' lang='lat' dir='ltr'>prodidit,</span> <span class='ocrx_word' id='word_1_72' title='bbox 670 930 717 978; x_wconf 75' lang='lat' dir='ltr'><strong>aba</strong></span> <span class='ocrx_word' id='word_1_73' title='bbox 775 932 826 979; x_wconf 79' lang='lat'><strong>⁵⁷⁰</strong></span> 
     </span>
    </p>

    <p class='ocr_par' dir='ltr' id='par_1_12' title="bbox 164 995 736 1058">
     <span class='ocr_line' id='line_1_13' title="bbox 164 995 736 1058; baseline -0.007 -13"><span class='ocrx_word' id='word_1_74' title='bbox 164 996 241 1045; x_wconf 82' lang='lat' dir='ltr'><strong>Nocte</strong></span> <span class='ocrx_word' id='word_1_75' title='bbox 251 997 304 1058; x_wconf 85' lang='lat' dir='ltr'><strong>poli,</strong></span> <span class='ocrx_word' id='word_1_76' title='bbox 316 996 386 1043; x_wconf 89' lang='lat' dir='ltr'><strong>Titan</strong></span> <span class='ocrx_word' id='word_1_77' title='bbox 397 997 496 1043; x_wconf 88' lang='lat' dir='ltr'><strong>medium</strong></span> <span class='ocrx_word' id='word_1_78' title='bbox 507 1012 552 1056; x_wconf 90' lang='lat' dir='ltr'><strong>quc</strong></span> <span class='ocrx_word' id='word_1_79' title='bbox 562 1002 664 1057; x_wconf 81' lang='lat' dir='ltr'><strong>tempore</strong></span> <span class='ocrx_word' id='word_1_80' title='bbox 674 995 736 1042; x_wconf 83' lang='lat' dir='ltr'><strong>ducit</strong></span> 
     </span>
    </p>

    <p class='ocr_par' dir='ltr' id='par_1_13' title="bbox 166 1060 683 1121">
     <span class='ocr_line' id='line_1_14' title="bbox 166 1060 683 1121; baseline -0.01 -11"><span class='ocrx_word' id='word_1_81' title='bbox 166 1062 213 1110; x_wconf 84' lang='lat' dir='ltr'><strong>Sub</strong></span> <span class='ocrx_word' id='word_1_82' title='bbox 224 1060 302 1109; x_wconf 71' lang='lat' dir='ltr'><strong>nostri</strong></span> <span class='ocrx_word' id='word_1_83' title='bbox 312 1062 391 1109; x_wconf 82' lang='lat' dir='ltr'><strong>tellure</strong></span> <span class='ocrx_word' id='word_1_84' title='bbox 402 1061 469 1115; x_wconf 83' lang='lat' dir='ltr'><strong>diem,</strong></span> <span class='ocrx_word' id='word_1_85' title='bbox 479 1061 569 1107; x_wconf 71' lang='lat' dir='ltr'><strong>decerta</strong></span> <span class='ocrx_word' id='word_1_86' title='bbox 578 1075 618 1121; x_wconf 89' lang='lat' dir='ltr'><strong>per</strong></span> <span class='ocrx_word' id='word_1_87' title='bbox 628 1074 683 1105; x_wconf 82' lang='lat' dir='ltr'><strong>arra</strong></span> 
     </span>
    </p>

    <p class='ocr_par' dir='ltr' id='par_1_14' title="bbox 166 1124 720 1189">
     <span class='ocr_line' id='line_1_15' title="bbox 166 1124 720 1189; baseline -0.009 -14"><span class='ocrx_word' id='word_1_88' title='bbox 166 1126 247 1189; x_wconf 82' lang='lat' dir='ltr'><strong>Carpit</strong></span> <span class='ocrx_word' id='word_1_89' title='bbox 256 1127 312 1173; x_wconf 82' lang='lat' dir='ltr'><strong>iter:</strong></span> <span class='ocrx_word' id='word_1_90' title='bbox 331 1125 369 1173; x_wconf 84' lang='lat' dir='ltr'><strong>fidi</strong></span> <span class='ocrx_word' id='word_1_91' title='bbox 381 1126 492 1172; x_wconf 72' lang='lat' dir='ltr'><strong>scelerum</strong></span> <span class='ocrx_word' id='word_1_92' title='bbox 504 1125 605 1184; x_wconf 82' lang='lat' dir='ltr'><strong>suetique</strong></span> <span class='ocrx_word' id='word_1_93' title='bbox 615 1124 720 1179; x_wconf 68' lang='lat' dir='ltr'><strong>ministri,</strong></span> 
     </span>
    </p>

    <p class='ocr_par' dir='ltr' id='par_1_15' title="bbox 165 1189 687 1249">
     <span class='ocr_line' id='line_1_16' title="bbox 165 1189 687 1249; baseline -0.011 -10"><span class='ocrx_word' id='word_1_94' title='bbox 165 1190 278 1239; x_wconf 74' lang='lat' dir='ltr'><strong>Effractos</strong></span> <span class='ocrx_word' id='word_1_95' title='bbox 289 1193 372 1237; x_wconf 91' lang='lat' dir='ltr'><strong>circum</strong></span> <span class='ocrx_word' id='word_1_96' title='bbox 384 1189 482 1237; x_wconf 73' lang='lat' dir='ltr'><strong>tumulos</strong></span> <span class='ocrx_word' id='word_1_97' title='bbox 493 1204 519 1235; x_wconf 87' lang='lat' dir='ltr'><strong>ae</strong></span> <span class='ocrx_word' id='word_1_98' title='bbox 528 1190 595 1235; x_wconf 76' lang='lat' dir='ltr'><strong>buria</strong></span> <span class='ocrx_word' id='word_1_99' title='bbox 603 1189 687 1249; x_wconf 73' lang='lat' dir='ltr'><strong>vagati,</strong></span> 
     </span>
    </p>

    <p class='ocr_par' dir='ltr' id='par_1_16' title="bbox 166 1251 758 1319">
     <span class='ocr_line' id='line_1_17' title="bbox 166 1251 758 1319; baseline -0.01 -14"><span class='ocrx_word' id='word_1_100' title='bbox 166 1254 396 1319; x_wconf 74' lang='lat' dir='ltr'><strong>Conspexereprocul</strong></span> <span class='ocrx_word' id='word_1_101' title='bbox 406 1251 521 1315; x_wconf 71' lang='lat' dir='ltr'><strong>praerupti</strong></span> <span class='ocrx_word' id='word_1_102' title='bbox 529 1254 553 1299; x_wconf 90' lang='lat' dir='ltr'><strong>in</strong></span> <span class='ocrx_word' id='word_1_103' title='bbox 564 1259 629 1299; x_wconf 83' lang='lat' dir='ltr'><strong>caute</strong></span> <span class='ocrx_word' id='word_1_104' title='bbox 636 1253 758 1307; x_wconf 84' lang='lat' dir='ltr'><strong>aedenteur,</strong></span> 
     </span>
    </p>

    <p class='ocr_par' dir='ltr' id='par_1_17' title="bbox 166 1316 743 1384">
     <span class='ocr_line' id='line_1_18' title="bbox 166 1316 743 1384; baseline -0.009 -16"><span class='ocrx_word' id='word_1_105' title='bbox 166 1318 220 1375; x_wconf 73' lang='lat' dir='ltr'><strong>Qui</strong></span> <span class='ocrx_word' id='word_1_106' title='bbox 225 1321 283 1384; x_wconf 86' lang='lat' dir='ltr'><strong>juga</strong></span> <span class='ocrx_word' id='word_1_107' title='bbox 293 1322 393 1367; x_wconf 85' lang='lat' dir='ltr'><strong>devexus</strong></span> <span class='ocrx_word' id='word_1_108' title='bbox 404 1318 521 1365; x_wconf 79' lang='lat' dir='ltr'><strong>Pharsalia</strong></span> <span class='ocrx_word' id='word_1_109' title='bbox 530 1318 626 1379; x_wconf 85' lang='lat' dir='ltr'><strong>porrigit</strong></span> <span class='ocrx_word' id='word_1_110' title='bbox 636 1316 743 1366; x_wconf 71' lang='lat' dir='ltr'><strong>Harmina.</strong></span> 
     </span>
    </p>

    <p class='ocr_par' dir='ltr' id='par_1_18' title="bbox 164 1381 721 1446">
     <span class='ocr_line' id='line_1_19' title="bbox 164 1381 721 1446; baseline -0.011 -13"><span class='ocrx_word' id='word_1_111' title='bbox 164 1384 210 1433; x_wconf 81' lang='lat' dir='ltr'><strong>Illa</strong></span> <span class='ocrx_word' id='word_1_112' title='bbox 220 1384 299 1446; x_wconf 82' lang='lat' dir='ltr'><strong>Magia</strong></span> <span class='ocrx_word' id='word_1_113' title='bbox 309 1384 447 1445; x_wconf 75' lang='lat' dir='ltr'><strong>magicisque</strong></span> <span class='ocrx_word' id='word_1_114' title='bbox 458 1381 517 1429; x_wconf 80' lang='lat' dir='ltr'><strong>Deis</strong></span> <span class='ocrx_word' id='word_1_115' title='bbox 527 1382 643 1443; x_wconf 83' lang='lat' dir='ltr'><strong>incognita</strong></span> <span class='ocrx_word' id='word_1_116' title='bbox 652 1381 721 1428; x_wconf 83' lang='lat' dir='ltr'><strong>rerba</strong></span> 
     </span>
    </p>

    <p class='ocr_par' dir='ltr' id='par_1_19' title="bbox 165 1445 723 1508">
     <span class='ocr_line' id='line_1_20' title="bbox 165 1445 723 1508; baseline -0.009 -9"><span class='ocrx_word' id='word_1_117' title='bbox 165 1448 284 1504; x_wconf 64' lang='lat' dir='ltr'><strong>Tcniabat.</strong></span> <span class='ocrx_word' id='word_1_118' title='bbox 296 1463 430 1508; x_wconf 85' lang='lat' dir='ltr'><strong>carmenque</strong></span> <span class='ocrx_word' id='word_1_119' title='bbox 440 1462 513 1494; x_wconf 83' lang='lat' dir='ltr'><strong>novos</strong></span> <span class='ocrx_word' id='word_1_120' title='bbox 518 1445 619 1508; x_wconf 84' lang='lat' dir='ltr'><strong>fingebat</strong></span> <span class='ocrx_word' id='word_1_121' title='bbox 627 1446 652 1494; x_wconf 90' lang='lat' dir='ltr'><strong>in</strong></span> <span class='ocrx_word' id='word_1_122' title='bbox 662 1460 723 1494; x_wconf 83' lang='lat' dir='ltr'><strong>urua.</strong></span> 
     </span>
    </p>

    <p class='ocr_par' dir='ltr' id='par_1_20' title="bbox 165 1510 825 1574">
     <span class='ocr_line' id='line_1_21' title="bbox 165 1510 825 1574; baseline -0.008 -13"><span class='ocrx_word' id='word_1_123' title='bbox 165 1515 272 1574; x_wconf 84' lang='lat' dir='ltr'><strong>Namque</strong></span> <span class='ocrx_word' id='word_1_124' title='bbox 282 1515 371 1568; x_wconf 79' lang='lat' dir='ltr'><strong>timens,</strong></span> <span class='ocrx_word' id='word_1_125' title='bbox 382 1514 450 1560; x_wconf 87' lang='lat' dir='ltr'><strong>alium</strong></span> <span class='ocrx_word' id='word_1_126' title='bbox 462 1527 492 1558; x_wconf 90' lang='lat' dir='ltr'><strong>ne</strong></span> <span class='ocrx_word' id='word_1_127' title='bbox 502 1511 568 1558; x_wconf 76' lang='lat' dir='ltr'><strong>Mars</strong></span> <span class='ocrx_word' id='word_1_128' title='bbox 574 1526 646 1572; x_wconf 72' lang='lat' dir='ltr'><strong>vagus</strong></span> <span class='ocrx_word' id='word_1_129' title='bbox 652 1511 695 1558; x_wconf 85' lang='lat' dir='ltr'><strong>iret</strong></span> <span class='ocrx_word' id='word_1_130' title='bbox 704 1511 728 1557; x_wconf 90' lang='lat' dir='ltr'><strong>in</strong></span> <span class='ocrx_word' id='word_1_131' title='bbox 739 1510 825 1565; x_wconf 74' lang='lat' dir='ltr'><strong>orbern,</strong></span> 
     </span>
    </p>

    <p class='ocr_par' dir='ltr' id='par_1_21' title="bbox 164 1575 827 1631">
     <span class='ocr_line' id='line_1_22' title="bbox 164 1575 827 1631; baseline -0.008 -6"><span class='ocrx_word' id='word_1_132' title='bbox 164 1579 270 1628; x_wconf 86' lang='lat' dir='ltr'><strong>Emathis</strong></span> <span class='ocrx_word' id='word_1_133' title='bbox 281 1585 304 1624; x_wconf 92' lang='lat' dir='ltr'><strong>et</strong></span> <span class='ocrx_word' id='word_1_134' title='bbox 314 1578 380 1624; x_wconf 83' lang='lat' dir='ltr'><strong>tellus</strong></span> <span class='ocrx_word' id='word_1_135' title='bbox 391 1586 437 1624; x_wconf 87' lang='lat' dir='ltr'><strong>tam</strong></span> <span class='ocrx_word' id='word_1_136' title='bbox 447 1575 520 1624; x_wconf 70' lang='lat' dir='ltr'><strong>multi</strong></span> <span class='ocrx_word' id='word_1_137' title='bbox 530 1577 592 1622; x_wconf 78' lang='lat' dir='ltr'><strong>caede</strong></span> <span class='ocrx_word' id='word_1_138' title='bbox 601 1581 694 1631; x_wconf 78' lang='lat' dir='ltr'><strong>careret,</strong></span> <span class='ocrx_word' id='word_1_139' title='bbox 775 1579 827 1625; x_wconf 78' lang='grc'><strong>580</strong></span> 
     </span>
    </p>

    <p class='ocr_par' dir='ltr' id='par_1_22' title="bbox 165 1639 644 1703">
     <span class='ocr_line' id='line_1_23' title="bbox 165 1639 644 1703; baseline -0.008 -13"><span class='ocrx_word' id='word_1_140' title='bbox 165 1643 270 1690; x_wconf 75' lang='lat' dir='ltr'><strong>Pollutos</strong></span> <span class='ocrx_word' id='word_1_141' title='bbox 281 1649 354 1698; x_wconf 82' lang='lat' dir='ltr'><strong>cantu,</strong></span> <span class='ocrx_word' id='word_1_142' title='bbox 366 1643 462 1703; x_wconf 76' lang='lat' dir='ltr'><strong>dirisque</strong></span> <span class='ocrx_word' id='word_1_143' title='bbox 473 1639 574 1688; x_wconf 76' lang='lat' dir='ltr'><strong>venefica</strong></span> <span class='ocrx_word' id='word_1_144' title='bbox 584 1641 644 1687; x_wconf 77' lang='lat' dir='ltr'><strong>nucia</strong></span> 
     </span>
    </p>

    <p class='ocr_par' dir='ltr' id='par_1_23' title="bbox 167 1703 759 1772">
     <span class='ocr_line' id='line_1_24' title="bbox 167 1703 759 1772; baseline -0.01 -16"><span class='ocrx_word' id='word_1_145' title='bbox 167 1706 314 1772; x_wconf 75' lang='lat' dir='ltr'><strong>Conspersos,</strong></span> <span class='ocrx_word' id='word_1_146' title='bbox 323 1707 395 1754; x_wconf 83' lang='lat' dir='ltr'><strong>vetuit</strong></span> <span class='ocrx_word' id='word_1_147' title='bbox 405 1707 558 1753; x_wconf 79' lang='lat' dir='ltr'><strong>transmittere</strong></span> <span class='ocrx_word' id='word_1_148' title='bbox 567 1705 626 1751; x_wconf 87' lang='lat' dir='ltr'><strong>bella</strong></span> <span class='ocrx_word' id='word_1_149' title='bbox 636 1703 759 1767; x_wconf 68' lang='lat' dir='ltr'><strong>Philippu,</strong></span> 
     </span>
    </p>

    <p class='ocr_par' dir='ltr' id='par_1_24' title="bbox 165 1768 701 1830">
     <span class='ocr_line' id='line_1_25' title="bbox 165 1768 701 1830; baseline -0.006 -11"><span class='ocrx_word' id='word_1_150' title='bbox 165 1770 213 1820; x_wconf 87' lang='lat' dir='ltr'><strong>Tot</strong></span> <span class='ocrx_word' id='word_1_151' title='bbox 225 1779 310 1819; x_wconf 85' lang='lat' dir='ltr'><strong>morter</strong></span> <span class='ocrx_word' id='word_1_152' title='bbox 321 1772 422 1818; x_wconf 86' lang='lat' dir='ltr'><strong>habitura</strong></span> <span class='ocrx_word' id='word_1_153' title='bbox 432 1786 491 1825; x_wconf 76' lang='lat' dir='ltr'><strong>suaa,</strong></span> <span class='ocrx_word' id='word_1_154' title='bbox 502 1784 613 1830; x_wconf 80' lang='lat' dir='ltr'><strong>uarrraque</strong></span> <span class='ocrx_word' id='word_1_155' title='bbox 623 1768 701 1816; x_wconf 86' lang='lat' dir='ltr'><strong>muudi</strong></span> 
     </span>
    </p>

    <p class='ocr_par' dir='ltr' id='par_1_25' title="bbox 166 1835 753 1900">
     <span class='ocr_line' id='line_1_26' title="bbox 166 1835 753 1900; baseline -0.009 -15"><span class='ocrx_word' id='word_1_156' title='bbox 166 1837 283 1900; x_wconf 79' lang='lat' dir='ltr'><strong>Sanguine</strong></span> <span class='ocrx_word' id='word_1_157' title='bbox 292 1855 298 1883; x_wconf 86' lang='lat'><strong>:</strong></span> <span class='ocrx_word' id='word_1_158' title='bbox 318 1851 428 1884; x_wconf 73' lang='lat' dir='ltr'><strong>cenorum</strong></span> <span class='ocrx_word' id='word_1_159' title='bbox 439 1843 543 1882; x_wconf 87' lang='lat' dir='ltr'><strong>truncare</strong></span> <span class='ocrx_word' id='word_1_160' title='bbox 553 1835 662 1887; x_wconf 78' lang='lat' dir='ltr'><strong>cadauera</strong></span> <span class='ocrx_word' id='word_1_161' title='bbox 671 1847 753 1895; x_wconf 83' lang='lat' dir='ltr'><strong>regum</strong></span> 
     </span>
    </p>

    <p class='ocr_par' dir='ltr' id='par_1_26' title="bbox 166 1898 717 1964">
     <span class='ocr_line' id='line_1_27' title="bbox 166 1898 717 1964; baseline -0.013 -14"><span class='ocrx_word' id='word_1_162' title='bbox 166 1902 254 1964; x_wconf 72' lang='lat' dir='ltr'><strong>Sperat,</strong></span> <span class='ocrx_word' id='word_1_163' title='bbox 265 1909 288 1948; x_wconf 86' lang='lat' dir='ltr'><strong>et</strong></span> <span class='ocrx_word' id='word_1_164' title='bbox 300 1900 420 1963; x_wconf 78' lang='lat' dir='ltr'><strong>Hesperiae</strong></span> <span class='ocrx_word' id='word_1_165' title='bbox 427 1901 514 1948; x_wconf 80' lang='lat' dir='ltr'><strong>cinerea</strong></span> <span class='ocrx_word' id='word_1_166' title='bbox 521 1913 624 1946; x_wconf 85' lang='lat' dir='ltr'><strong>averrere</strong></span> <span class='ocrx_word' id='word_1_167' title='bbox 634 1898 717 1959; x_wconf 73' lang='lat' dir='ltr'><strong>gentis,</strong></span> 
     </span>
    </p>

    <p class='ocr_par' dir='ltr' id='par_1_27' title="bbox 166 1964 751 2028">
     <span class='ocr_line' id='line_1_28' title="bbox 166 1964 751 2028; baseline -0.012 -13"><span class='ocrx_word' id='word_1_168' title='bbox 166 1966 270 2028; x_wconf 85' lang='lat' dir='ltr'><strong>Oaaaque</strong></span> <span class='ocrx_word' id='word_1_169' title='bbox 283 1966 397 2021; x_wconf 87' lang='lat' dir='ltr'><strong>nobilium,</strong></span> <span class='ocrx_word' id='word_1_170' title='bbox 409 1972 529 2025; x_wconf 79' lang='lat' dir='ltr'><strong>tantorque</strong></span> <span class='ocrx_word' id='word_1_171' title='bbox 538 1964 655 2024; x_wconf 84' lang='lat' dir='ltr'><strong>adquirere</strong></span> <span class='ocrx_word' id='word_1_172' title='bbox 664 1975 751 2010; x_wconf 69' lang='lat' dir='ltr'><strong>mane.</strong></span> 
     </span>
    </p>

    <p class='ocr_par' dir='ltr' id='par_1_28' title="bbox 165 2025 758 2092">
     <span class='ocr_line' id='line_1_29' title="bbox 165 2025 758 2092; baseline -0.012 -14"><span class='ocrx_word' id='word_1_173' title='bbox 165 2031 215 2078; x_wconf 89' lang='lat' dir='ltr'><strong>Hic</strong></span> <span class='ocrx_word' id='word_1_174' title='bbox 226 2031 297 2086; x_wconf 83' lang='lat' dir='ltr'><strong>ardor,</strong></span> <span class='ocrx_word' id='word_1_175' title='bbox 308 2032 414 2092; x_wconf 77' lang='lat' dir='ltr'><strong>solusque</strong></span> <span class='ocrx_word' id='word_1_176' title='bbox 424 2025 493 2085; x_wconf 80' lang='lat' dir='ltr'><strong>labor,</strong></span> <span class='ocrx_word' id='word_1_177' title='bbox 504 2028 558 2088; x_wconf 91' lang='lat' dir='ltr'><strong>quid</strong></span> <span class='ocrx_word' id='word_1_178' title='bbox 568 2041 662 2088; x_wconf 82' lang='lat' dir='ltr'><strong>corpore</strong></span> <span class='ocrx_word' id='word_1_179' title='bbox 672 2025 758 2089; x_wconf 84' lang='lat' dir='ltr'><strong>Magni</strong></span> 
     </span>
    </p>

    <p class='ocr_par' dir='ltr' id='par_1_29' title="bbox 164 2092 713 2159">
     <span class='ocr_line' id='line_1_30' title="bbox 164 2092 713 2159; baseline -0.007 -15"><span class='ocrx_word' id='word_1_180' title='bbox 164 2095 272 2159; x_wconf 85' lang='lat' dir='ltr'><strong>Projecto</strong></span> <span class='ocrx_word' id='word_1_181' title='bbox 283 2097 359 2158; x_wconf 76' lang='lat' dir='ltr'><strong>rapiat,</strong></span> <span class='ocrx_word' id='word_1_182' title='bbox 371 2111 427 2158; x_wconf 89' lang='lat' dir='ltr'><strong>quoa</strong></span> <span class='ocrx_word' id='word_1_183' title='bbox 439 2093 537 2143; x_wconf 81' lang='lat' dir='ltr'><strong>Caeaaria</strong></span> <span class='ocrx_word' id='word_1_184' title='bbox 546 2092 633 2140; x_wconf 83' lang='lat' dir='ltr'><strong>involet</strong></span> <span class='ocrx_word' id='word_1_185' title='bbox 644 2097 713 2140; x_wconf 69' lang='lat' dir='ltr'><strong>otoo</strong></span> 
     </span>
    </p>

    <p class='ocr_par' dir='ltr' id='par_1_30' title="bbox 167 2158 740 2222">
     <span class='ocr_line' id='line_1_31' title="bbox 167 2158 740 2222; baseline -0.01 -14"><span class='ocrx_word' id='word_1_186' title='bbox 167 2161 244 2216; x_wconf 84' lang='lat' dir='ltr'><strong>Quam</strong></span> <span class='ocrx_word' id='word_1_187' title='bbox 255 2161 316 2222; x_wconf 87' lang='lat' dir='ltr'><strong>prior</strong></span> <span class='ocrx_word' id='word_1_188' title='bbox 324 2159 412 2207; x_wconf 74' lang='lat' dir='ltr'><strong>adfatur</strong></span> <span class='ocrx_word' id='word_1_189' title='bbox 423 2159 526 2220; x_wconf 85' lang='lat' dir='ltr'><strong>Pompeii</strong></span> <span class='ocrx_word' id='word_1_190' title='bbox 537 2158 622 2220; x_wconf 83' lang='lat' dir='ltr'><strong>ignara</strong></span> <span class='ocrx_word' id='word_1_191' title='bbox 630 2170 740 2218; x_wconf 78' lang='lat' dir='ltr'><strong>propago.</strong></span> 
     </span>
    </p>

    <p class='ocr_par' dir='ltr' id='par_1_31' title="bbox 165 2219 830 2284">
     <span class='ocr_line' id='line_1_32' title="bbox 165 2219 830 2284; baseline -0.005 -11"><span class='ocrx_word' id='word_1_192' title='bbox 165 2225 188 2273; x_wconf 91' lang='grc' dir='ltr'>Ο</span> <span class='ocrx_word' id='word_1_193' title='bbox 199 2225 267 2272; x_wconf 82' lang='lat' dir='ltr'><strong>denua</strong></span> <span class='ocrx_word' id='word_1_194' title='bbox 274 2224 444 2278; x_wconf 88' lang='lat' dir='ltr'><strong>Haemonidum,</strong></span> <span class='ocrx_word' id='word_1_195' title='bbox 454 2223 601 2284; x_wconf 71' lang='lat' dir='ltr'><strong>populisque</strong></span> <span class='ocrx_word' id='word_1_196' title='bbox 611 2219 766 2283; x_wconf 71' lang='lat' dir='ltr'><strong>pauderesaia.</strong></span> <span class='ocrx_word' id='word_1_197' title='bbox 777 2220 830 2270; x_wconf 75' lang='lat'><strong>590</strong></span> 
     </span>
    </p>

    <p class='ocr_par' dir='ltr' id='par_1_32' title="bbox 166 2283 716 2350">
     <span class='ocr_line' id='line_1_33' title="bbox 166 2283 716 2350; baseline -0.007 -14"><span class='ocrx_word' id='word_1_198' title='bbox 166 2289 271 2350; x_wconf 83' lang='lat' dir='ltr'><strong>Quaeque</strong></span> <span class='ocrx_word' id='word_1_199' title='bbox 282 2306 323 2336; x_wconf 86' lang='lat' dir='ltr'><strong>auo</strong></span> <span class='ocrx_word' id='word_1_200' title='bbox 333 2295 430 2336; x_wconf 87' lang='lat' dir='ltr'><strong>ventura</strong></span> <span class='ocrx_word' id='word_1_201' title='bbox 439 2295 505 2349; x_wconf 80' lang='lat' dir='ltr'><strong>potes</strong></span> <span class='ocrx_word' id='word_1_202' title='bbox 514 2287 632 2333; x_wconf 85' lang='lat' dir='ltr'><strong>devertere</strong></span> <span class='ocrx_word' id='word_1_203' title='bbox 641 2283 716 2340; x_wconf 73' lang='lat' dir='ltr'><strong>corn,</strong></span> 
     </span>
    </p>

    <p class='ocr_par' dir='ltr' id='par_1_33' title="bbox 165 2349 761 2415">
     <span class='ocr_line' id='line_1_34' title="bbox 165 2349 761 2415; baseline -0.007 -15"><span class='ocrx_word' id='word_1_204' title='bbox 165 2351 201 2401; x_wconf 89' lang='lat' dir='ltr'><strong>Te</strong></span> <span class='ocrx_word' id='word_1_205' title='bbox 211 2368 297 2415; x_wconf 86' lang='lat' dir='ltr'><strong>precor,</strong></span> <span class='ocrx_word' id='word_1_206' title='bbox 310 2361 335 2400; x_wconf 76' lang='lat' dir='ltr'><strong>ut</strong></span> <span class='ocrx_word' id='word_1_207' title='bbox 346 2360 432 2400; x_wconf 88' lang='lat' dir='ltr'><strong>certum</strong></span> <span class='ocrx_word' id='word_1_208' title='bbox 443 2352 510 2398; x_wconf 82' lang='lat' dir='ltr'><strong>liceat</strong></span> <span class='ocrx_word' id='word_1_209' title='bbox 515 2352 570 2398; x_wconf 85' lang='lat' dir='ltr'><strong>mihi</strong></span> <span class='ocrx_word' id='word_1_210' title='bbox 581 2364 675 2398; x_wconf 73' lang='lat' dir='ltr'><strong>uomere</strong></span> <span class='ocrx_word' id='word_1_211' title='bbox 684 2349 761 2409; x_wconf 73' lang='lat' dir='ltr'><strong>duem,</strong></span> 
     </span>
    </p>

    <p class='ocr_par' dir='ltr' id='par_1_34' title="bbox 167 2414 731 2479">
     <span class='ocr_line' id='line_1_35' title="bbox 167 2414 731 2479; baseline -0.004 -15"><span class='ocrx_word' id='word_1_212' title='bbox 167 2417 243 2473; x_wconf 82' lang='lat' dir='ltr'><strong>Quem</strong></span> <span class='ocrx_word' id='word_1_213' title='bbox 254 2418 306 2464; x_wconf 85' lang='lat' dir='ltr'><strong>belii</strong></span> <span class='ocrx_word' id='word_1_214' title='bbox 316 2418 407 2466; x_wconf 80' lang='lat' dir='ltr'><strong>fortuna</strong></span> <span class='ocrx_word' id='word_1_215' title='bbox 417 2422 495 2479; x_wconf 78' lang='lat' dir='ltr'><strong>paret3</strong></span> <span class='ocrx_word' id='word_1_216' title='bbox 511 2431 558 2464; x_wconf 87' lang='lat' dir='ltr'><strong>non</strong></span> <span class='ocrx_word' id='word_1_217' title='bbox 569 2415 648 2462; x_wconf 80' lang='lat' dir='ltr'><strong>ultima</strong></span> <span class='ocrx_word' id='word_1_218' title='bbox 658 2414 731 2462; x_wconf 70' lang='lat' dir='ltr'><strong>turbe</strong></span> 
     </span>
    </p>

    <p class='ocr_par' dir='ltr' id='par_1_35' title="bbox 166 2478 737 2543">
     <span class='ocr_line' id='line_1_36' title="bbox 166 2478 737 2543; baseline -0.005 -14"><span class='ocrx_word' id='word_1_219' title='bbox 166 2481 225 2529; x_wconf 77' lang='lat' dir='ltr'><strong>Pars</strong></span> <span class='ocrx_word' id='word_1_220' title='bbox 236 2497 280 2542; x_wconf 87' lang='lat' dir='ltr'><strong>ego</strong></span> <span class='ocrx_word' id='word_1_221' title='bbox 291 2481 410 2537; x_wconf 79' lang='lat' dir='ltr'><strong>Romanae,</strong></span> <span class='ocrx_word' id='word_1_222' title='bbox 422 2481 506 2543; x_wconf 85' lang='lat' dir='ltr'><strong>Magni</strong></span> <span class='ocrx_word' id='word_1_223' title='bbox 513 2480 636 2528; x_wconf 72' lang='lat' dir='ltr'><strong>clarissima</strong></span> <span class='ocrx_word' id='word_1_224' title='bbox 644 2478 737 2540; x_wconf 60' lang='lat' dir='ltr'><strong>molen</strong></span> 
     </span>
    </p>

    <p class='ocr_par' dir='ltr' id='par_1_36' title="bbox 166 2544 709 2602">
     <span class='ocr_line' id='line_1_37' title="bbox 166 2544 709 2602; baseline -0.006 -10"><span class='ocrx_word' id='word_1_225' title='bbox 166 2545 213 2592; x_wconf 86' lang='lat' dir='ltr'><strong>vel</strong></span> <span class='ocrx_word' id='word_1_226' title='bbox 220 2545 323 2592; x_wconf 81' lang='lat' dir='ltr'><strong>dominun</strong></span> <span class='ocrx_word' id='word_1_227' title='bbox 334 2561 415 2602; x_wconf 86' lang='lat' dir='ltr'><strong>rerum,</strong></span> <span class='ocrx_word' id='word_1_228' title='bbox 426 2546 464 2593; x_wconf 87' lang='lat' dir='ltr'><strong>vel</strong></span> <span class='ocrx_word' id='word_1_229' title='bbox 474 2546 532 2592; x_wconf 81' lang='lat' dir='ltr'><strong>tanti</strong></span> <span class='ocrx_word' id='word_1_230' title='bbox 541 2544 627 2591; x_wconf 74' lang='lat' dir='ltr'><strong>funeris</strong></span> <span class='ocrx_word' id='word_1_231' title='bbox 636 2544 709 2590; x_wconf 78' lang='lat' dir='ltr'><strong>berea.</strong></span> 
     </span>
    </p>

    <p class='ocr_par' dir='ltr' id='par_1_37' title="bbox 167 2609 788 2673">
     <span class='ocr_line' id='line_1_38' title="bbox 167 2609 788 2673; baseline -0.008 -15"><span class='ocrx_word' id='word_1_232' title='bbox 167 2609 238 2658; x_wconf 86' lang='lat' dir='ltr'><strong>Mena</strong></span> <span class='ocrx_word' id='word_1_233' title='bbox 248 2609 320 2657; x_wconf 78' lang='lat' dir='ltr'><strong>dobin</strong></span> <span class='ocrx_word' id='word_1_234' title='bbox 330 2625 437 2673; x_wconf 77' lang='lat' dir='ltr'><strong>percurro</strong></span> <span class='ocrx_word' id='word_1_235' title='bbox 445 2616 521 2672; x_wconf 82' lang='lat' dir='ltr'><strong>pavet,</strong></span> <span class='ocrx_word' id='word_1_236' title='bbox 532 2623 655 2670; x_wconf 75' lang='lat' dir='ltr'><strong>cornuaque</strong></span> <span class='ocrx_word' id='word_1_237' title='bbox 663 2612 742 2671; x_wconf 73' lang='lat' dir='ltr'><strong>panta</strong></span> <span class='ocrx_word' id='word_1_238' title='bbox 751 2612 788 2653; x_wconf 81' lang='lat' dir='ltr'><strong>eat</strong></span> 
     </span>
    </p>

    <p class='ocr_par' dir='ltr' id='par_1_38' title="bbox 166 2668 777 2744">
     <span class='ocr_line' id='line_1_39' title="bbox 166 2668 777 2744; baseline 0.008 -21"><span class='ocrx_word' id='word_1_239' title='bbox 166 2668 252 2724; x_wconf 74' lang='lat' dir='ltr'><strong>Certo·</strong></span> <span class='ocrx_word' id='word_1_240' title='bbox 262 2673 321 2726; x_wconf 77' lang='lat' dir='ltr'><strong>serre</strong></span> <span class='ocrx_word' id='word_1_241' title='bbox 330 2682 411 2728; x_wconf 73' lang='lat' dir='ltr'><strong>metire.</strong></span> <span class='ocrx_word' id='word_1_242' title='bbox 444 2673 501 2726; x_wconf 84' lang='lat' dir='ltr'><strong>Hoc</strong></span> <span class='ocrx_word' id='word_1_243' title='bbox 514 2675 602 2726; x_wconf 73' lang='lat' dir='ltr'><strong>oniba</strong></span> <span class='ocrx_word' id='word_1_244' title='bbox 612 2671 745 2744; x_wconf 61' lang='lat' dir='ltr'><strong>conjurio</strong></span> <span class='ocrx_word' id='word_1_245' title='bbox 764 2701 777 2718; x_wconf 57' lang='grc' dir='ltr'>ν</span> 
     </span>
    </p>
   </div>
   <div class='ocr_carea' id='block_1_3' title="bbox 0 0 948 2950">
    <p class='ocr_par' dir='ltr' id='par_1_39' title="bbox 0 0 948 2950">
     <span class='ocr_line' id='line_1_40' title="bbox 0 0 948 2950; baseline 0 0"><span class='ocrx_word' id='word_1_246' title='bbox 0 0 948 2950; x_wconf 95' lang='lat' dir='ltr'><strong> </strong></span> 
     </span>
    </p>
   </div>
  </div>
 </body>
</html>
