1884 2950
267 427 270 435 Δ
380 314 557 386 nucum
666 406 669 409 ¹

209 462 218 500 ⁷
273 505 665 595 PHARSALIA.

325 712 432 762 LIBER
454 713 614 763 TERTIUS.

132 837 793 862 *wm--Q

101 917 123 980 ,ἕ
136 920 261 968 Puoebma
272 929 297 967 ut
307 922 401 968 classem
412 923 469 970 velis
479 923 608 970 cedentibus
619 923 705 970 Auster
773 954 776 966 ι

135 984 279 1040 Incumbens,
289 987 432 1048 mediumque
443 995 503 1034 rates
512 996 605 1035 tenuere
614 988 759 1050 profundum,

45 1083 47 1088 ,
136 1049 218 1116 Omnis
229 1053 252 1096 in
264 1049 341 1098 Ionios
353 1053 465 1112 spectabat
477 1055 553 1099 navita
561 1052 657 1099 fluctus:
811 1050 819 1059 ⁵

135 1115 203 1163 Solus
214 1114 241 1162 ab
253 1115 365 1178 Hesperii
375 1132 421 1162 non
432 1115 496 1163 flexit
505 1119 591 1164 lumina
601 1115 661 1164 terri

132 1180 243 1242 Magnus,
252 1182 304 1227 dum
312 1182 395 1242 patrios
401 1188 486 1242 portus,
494 1183 548 1228 dum
555 1183 622 1228 litora
628 1195 750 1242 numquam

132 1245 173 1292 Ad
183 1247 246 1292 visus
257 1247 353 1293 reditura
364 1261 422 1300 suos,
434 1254 563 1307 tectumque
573 1261 680 1293 cacumen

131 1309 243 1364 Nubibus,
255 1317 278 1358 et
288 1311 366 1357 dubios
377 1312 447 1357 cernit
457 1326 577 1358 vanescere
586 1318 682 1358 montes.

132 1372 191 1422 Inde
202 1375 324 1436 soporifero
336 1383 450 1421 cesserunt
460 1376 567 1437 languida
577 1390 656 1422 somno

131 1437 238 1486 Membra
248 1440 323 1487 ducis:
331 1484 334 1490 ,
342 1440 384 1487 diri
395 1447 443 1486 turn
454 1441 520 1501 plena
530 1441 628 1487 horroris
638 1441 714 1503 imago

129 1502 188 1551 Visa
199 1512 265 1567 eaput
275 1512 381 1551 moestum
392 1521 433 1567 per
442 1507 530 1553 hiantes
540 1504 602 1553 Julia
611 1513 682 1552 terras
760 1504 797 1552 lo

130 1566 228 1626 Tollere,
240 1578 263 1616 et
274 1585 368 1617 accenso
378 1568 464 1617 furialis
475 1577 534 1617 stare
544 1570 653 1631 sepulcro.

129 1634 224 1681 Sedibus
236 1632 329 1695 Elysiis,
340 1650 463 1697 campoque
474 1635 567 1697 expulsa
576 1635 664 1695 piorum

127 1699 167 1758 Ad
180 1698 279 1759 Stygias,
291 1700 369 1759 inquit
381 1700 490 1753 tenebras,
501 1714 622 1759 manesque
633 1705 746 1756 nocentes,

129 1762 187 1809 Post
197 1764 280 1810 bellum
291 1764 356 1809 civile
367 1764 455 1811 trahor:
475 1765 521 1810 vidi
531 1764 579 1824 ipsa
589 1770 692 1810 tenentes

128 1823 405 1889 Eumeniquuaterent'
417 1844 471 1889 quas
481 1829 570 1881 restris,
579 1828 700 1891 lampadas,
712 1828 787 1875 armis.

127 1891 244 1954 Praeparat
255 1894 386 1940 innumeras
396 1908 482 1955 puppes
492 1893 629 1939 Acherontis
639 1893 712 1939 adusti

127 1956 242 2005 Portitor:
262 1960 286 2004 iu
296 1959 378 2005 multas
388 1958 492 2005 laxantur
503 1956 599 2003 Tartara
608 1972 694 2019 poenas.

125 2021 174 2068 vix
184 2023 246 2083 operi
256 2030 350 2077 cunctae,
362 2021 441 2069 dextris
450 2028 590 2084 properante,
602 2037 690 2068 sorores

125 2086 257 2134 Sufficiunt:
276 2088 361 2135 lassant
371 2095 500 2148 rumpentes
511 2087 607 2132 stamius
618 2085 709 2133 Parcas.

125 2150 230 2214 Conjuge
241 2168 278 2198 me
287 2152 352 2199 laetos
363 2152 452 2205 duxisti,
465 2150 561 2212 Magne,
572 2151 709 2211 triumphos:
751 2154 785 2197 20

124 2216 230 2264 Fortuna
238 2224 272 2263 est
283 2224 369 2263 mutate
377 2217 446 2273 toris3
463 2230 595 2277 semperque
604 2223 709 2276 potentes

123 2280 252 2329 Detrahere
263 2282 286 2325 in
297 2282 382 2327 cladem
392 2280 438 2327 fato
450 2281 555 2326 damnata
564 2280 664 2335 maritos,

123 2344 230 2406 quupsit
239 2346 314 2406 tepido
325 2346 399 2407 pellex
412 2342 518 2393 Cornelia
526 2345 600 2390 busto.
643 2389 648 2396 ,

121 2410 219 2457 Haereat
230 2410 268 2456 illa
277 2411 322 2455 tuis
332 2426 373 2472 per
382 2410 447 2463 bella,
458 2424 499 2470 per
509 2423 605 2469 aequore,
616 2407 695 2469 signis,

121 2474 188 2523 Dum
199 2489 246 2520 non
257 2479 348 2521 securos
359 2474 424 2523 liceat
435 2474 489 2519 mihi
500 2487 603 2534 rumpere
615 2486 713 2528 somnos,

120 2540 155 2587 Et
166 2538 251 2585 nullum
262 2545 339 2585 vestro
349 2553 445 2585 vacuum
457 2538 487 2584 sit
496 2544 586 2598 tempus
597 2536 683 2594 arnori;

119 2603 167 2651 Sed
177 2609 254 2651 teneat
265 2600 388 2665 Caesarque
398 2604 452 2658 dies,
464 2609 488 2651 et
497 2600 559 2651 Julit
569 2608 654 2649 noctes.
