<?xml version="1.0" encoding="UTF-8"?>
<!DOCTYPE html PUBLIC "-//W3C//DTD XHTML 1.0 Transitional//EN"
    "http://www.w3.org/TR/xhtml1/DTD/xhtml1-transitional.dtd">
<html xmlns="http://www.w3.org/1999/xhtml" xml:lang="en" lang="en">
 <head>
  <title>
</title>
<meta http-equiv="Content-Type" content="text/html;charset=utf-8" />
  <meta name='ocr-system' content='tesseract 3.04.00' />
  <meta name='ocr-capabilities' content='ocr_page ocr_carea ocr_par ocr_line ocrx_word'/>
</head>
<body>
  <div class='ocr_page' id='page_1' title='image "./marciaennaeiluc00maygoog_0094.png"; bbox 0 0 1884 2950; ppageno 0'>
   <div class='ocr_carea' id='block_1_1' title="bbox 151 76 565 166">
    <p class='ocr_par' dir='ltr' id='par_1_1' title="bbox 151 76 565 166">
     <span class='ocr_line' id='line_1_1' title="bbox 151 76 565 166; baseline -0.002 0"><span class='ocrx_word' id='word_1_1' title='bbox 151 121 184 166; x_wconf 82' lang='lat' dir='ltr'><strong>so</strong></span> <span class='ocrx_word' id='word_1_2' title='bbox 413 76 565 166; x_wconf 74' lang='lat' dir='ltr'><strong>nucum</strong></span> 
     </span>
    </p>
   </div>
   <div class='ocr_carea' id='block_1_2' title="bbox 136 244 810 2695">
    <p class='ocr_par' dir='ltr' id='par_1_2' title="bbox 136 244 810 2695">
     <span class='ocr_line' id='line_1_2' title="bbox 150 244 616 308; baseline 0 -16"><span class='ocrx_word' id='word_1_3' title='bbox 150 244 280 308; x_wconf 80' lang='lat' dir='ltr'><strong>Deceptura</strong></span> <span class='ocrx_word' id='word_1_4' title='bbox 289 245 353 294; x_wconf 81' lang='lat' dir='ltr'><strong>mulis</strong></span> <span class='ocrx_word' id='word_1_5' title='bbox 362 245 414 294; x_wconf 90' lang='lat' dir='ltr'><strong>belli</strong></span> <span class='ocrx_word' id='word_1_6' title='bbox 423 247 514 294; x_wconf 79' lang='lat' dir='ltr'><strong>tortum</strong></span> <span class='ocrx_word' id='word_1_7' title='bbox 523 244 616 308; x_wconf 80' lang='lat' dir='ltr'><strong>recepit:</strong></span> 
     </span>
     <span class='ocr_line' id='line_1_3' title="bbox 149 306 703 373; baseline 0 -17"><span class='ocrx_word' id='word_1_8' title='bbox 149 309 211 357; x_wconf 80' lang='lat' dir='ltr'><strong>Num</strong></span> <span class='ocrx_word' id='word_1_9' title='bbox 221 311 306 373; x_wconf 80' lang='lat' dir='ltr'>pepulit</span> <span class='ocrx_word' id='word_1_10' title='bbox 316 311 402 358; x_wconf 77' lang='lat' dir='ltr'><strong>Varum</strong></span> <span class='ocrx_word' id='word_1_11' title='bbox 413 327 499 372; x_wconf 78' lang='lat' dir='ltr'><strong>cumpo,</strong></span> <span class='ocrx_word' id='word_1_12' title='bbox 510 311 635 372; x_wconf 81' lang='lat' dir='ltr'><strong>nudstsque</strong></span> <span class='ocrx_word' id='word_1_13' title='bbox 642 306 703 356; x_wconf 75' lang='lat' dir='ltr'><strong>toedt</strong></span> 
     </span>
     <span class='ocr_line' id='line_1_4' title="bbox 149 374 719 438; baseline 0 -17"><span class='ocrx_word' id='word_1_14' title='bbox 149 374 226 438; x_wconf 77' lang='lat' dir='ltr'><strong>Terga</strong></span> <span class='ocrx_word' id='word_1_15' title='bbox 234 374 295 438; x_wconf 49' lang='lat' dir='ltr'><strong>fug&amp;</strong></span> <span class='ocrx_word' id='word_1_16' title='bbox 306 376 377 423; x_wconf 84' lang='lat' dir='ltr'><strong>donec</strong></span> <span class='ocrx_word' id='word_1_17' title='bbox 387 383 507 423; x_wconf 83' lang='lat' dir='ltr'><strong>vetuenmt</strong></span> <span class='ocrx_word' id='word_1_18' title='bbox 517 382 595 430; x_wconf 73' lang='lat' dir='ltr'><strong>mstru,</strong></span> <span class='ocrx_word' id='word_1_19' title='bbox 606 374 692 422; x_wconf 78' lang='lat' dir='ltr'><strong>oecldit.</strong></span> <span class='ocrx_word' id='word_1_20' title='bbox 716 390 719 394; x_wconf 90' lang='lat'>·</span> 
     </span>
     <span class='ocr_line' id='line_1_5' title="bbox 180 437 703 504; baseline -0.002 -18"><span class='ocrx_word' id='word_1_21' title='bbox 180 439 264 488; x_wconf 84' lang='lat' dir='ltr'><strong>Tristis</strong></span> <span class='ocrx_word' id='word_1_22' title='bbox 274 441 314 488; x_wconf 81' lang='lat' dir='ltr'><strong>sed</strong></span> <span class='ocrx_word' id='word_1_23' title='bbox 323 448 440 504; x_wconf 76' lang='lat' dir='ltr'><strong>postquam</strong></span> <span class='ocrx_word' id='word_1_24' title='bbox 451 441 548 502; x_wconf 86' lang='lat' dir='ltr'><strong>supersti</strong></span> <span class='ocrx_word' id='word_1_25' title='bbox 557 439 636 502; x_wconf 85' lang='lat' dir='ltr'><strong>proelis</strong></span> <span class='ocrx_word' id='word_1_26' title='bbox 647 437 703 485; x_wconf 78' lang='lat' dir='ltr'><strong>Vari</strong></span> 
     </span>
     <span class='ocr_line' id='line_1_6' title="bbox 149 501 676 566; baseline -0.002 -15"><span class='ocrx_word' id='word_1_27' title='bbox 149 503 208 552; x_wconf 84' lang='lat' dir='ltr'><strong>Sunt</strong></span> <span class='ocrx_word' id='word_1_28' title='bbox 218 506 292 552; x_wconf 78' lang='lat' dir='ltr'><strong>auditu</strong></span> <span class='ocrx_word' id='word_1_29' title='bbox 302 505 374 561; x_wconf 78' lang='lat' dir='ltr'><strong>Jubae,</strong></span> <span class='ocrx_word' id='word_1_30' title='bbox 385 506 457 560; x_wconf 83' lang='lat' dir='ltr'><strong>laetus,</strong></span> <span class='ocrx_word' id='word_1_31' title='bbox 474 501 534 565; x_wconf 87' lang='lat' dir='ltr'><strong>qudd</strong></span> <span class='ocrx_word' id='word_1_32' title='bbox 543 504 616 566; x_wconf 76' lang='lat' dir='ltr'><strong>glorie</strong></span> <span class='ocrx_word' id='word_1_33' title='bbox 624 503 676 550; x_wconf 86' lang='lat' dir='ltr'><strong>belli</strong></span> 
     </span>
     <span class='ocr_line' id='line_1_7' title="bbox 149 567 680 632; baseline -0.002 -17"><span class='ocrx_word' id='word_1_34' title='bbox 149 569 185 616; x_wconf 83' lang='lat' dir='ltr'><strong>sit</strong></span> <span class='ocrx_word' id='word_1_35' title='bbox 195 571 260 618; x_wconf 83' lang='lat' dir='ltr'><strong>rebus</strong></span> <span class='ocrx_word' id='word_1_36' title='bbox 270 578 357 617; x_wconf 80' lang='lat' dir='ltr'><strong>servsts</strong></span> <span class='ocrx_word' id='word_1_37' title='bbox 366 571 419 625; x_wconf 84' lang='lat' dir='ltr'><strong>suis,</strong></span> <span class='ocrx_word' id='word_1_38' title='bbox 431 570 488 632; x_wconf 81' lang='lat' dir='ltr'>rapit</span> <span class='ocrx_word' id='word_1_39' title='bbox 497 570 588 631; x_wconf 71' lang='lat' dir='ltr'><strong>agmins</strong></span> <span class='ocrx_word' id='word_1_40' title='bbox 596 567 680 623; x_wconf 81' lang='lat' dir='ltr'><strong>furtim,</strong></span> 
     </span>
     <span class='ocr_line' id='line_1_8' title="bbox 149 631 696 701; baseline 0 -21"><span class='ocrx_word' id='word_1_41' title='bbox 149 633 302 696; x_wconf 67' lang='lat' dir='ltr'><strong>Obscuratque</strong></span> <span class='ocrx_word' id='word_1_42' title='bbox 313 650 374 682; x_wconf 82' lang='lat' dir='ltr'><strong>susm</strong></span> <span class='ocrx_word' id='word_1_43' title='bbox 385 650 424 696; x_wconf 90' lang='lat' dir='ltr'><strong>per</strong></span> <span class='ocrx_word' id='word_1_44' title='bbox 431 636 496 696; x_wconf 82' lang='lat' dir='ltr'><strong>jussa</strong></span> <span class='ocrx_word' id='word_1_45' title='bbox 505 631 696 701; x_wconf 25' lang='lat' dir='ltr'><strong>silentis&#39;ismum</strong></span> 
     </span>
     <span class='ocr_line' id='line_1_9' title="bbox 150 697 704 746; baseline 0.002 -2"><span class='ocrx_word' id='word_1_46' title='bbox 150 697 204 745; x_wconf 88' lang='lat' dir='ltr'><strong>Hoc</strong></span> <span class='ocrx_word' id='word_1_47' title='bbox 215 700 287 746; x_wconf 87' lang='lat' dir='ltr'><strong>solum</strong></span> <span class='ocrx_word' id='word_1_48' title='bbox 298 707 400 746; x_wconf 88' lang='lat' dir='ltr'><strong>metuens</strong></span> <span class='ocrx_word' id='word_1_49' title='bbox 410 700 500 746; x_wconf 79' lang='lat' dir='ltr'><strong>incauto</strong></span> <span class='ocrx_word' id='word_1_50' title='bbox 509 713 540 745; x_wconf 87' lang='lat' dir='ltr'><strong>ex</strong></span> <span class='ocrx_word' id='word_1_51' title='bbox 549 699 614 746; x_wconf 89' lang='lat' dir='ltr'><strong>boste</strong></span> <span class='ocrx_word' id='word_1_52' title='bbox 623 698 704 745; x_wconf 83' lang='lat' dir='ltr'><strong>timeri.</strong></span> 
     </span>
     <span class='ocr_line' id='line_1_10' title="bbox 149 762 810 826; baseline -0.003 -16"><span class='ocrx_word' id='word_1_53' title='bbox 149 763 256 818; x_wconf 79' lang='lat' dir='ltr'><strong>Mittitur,</strong></span> <span class='ocrx_word' id='word_1_54' title='bbox 267 762 349 825; x_wconf 74' lang='lat' dir='ltr'><strong>exigui</strong></span> <span class='ocrx_word' id='word_1_55' title='bbox 359 765 396 824; x_wconf 86' lang='lat' dir='ltr'><strong>qui</strong></span> <span class='ocrx_word' id='word_1_56' title='bbox 407 764 484 825; x_wconf 79' lang='lat' dir='ltr'><strong>praeliu</strong></span> <span class='ocrx_word' id='word_1_57' title='bbox 492 763 563 826; x_wconf 77' lang='lat' dir='ltr'><strong>prims</strong></span> <span class='ocrx_word' id='word_1_58' title='bbox 573 763 667 811; x_wconf 78' lang='lat' dir='ltr'><strong>lscessst</strong></span> <span class='ocrx_word' id='word_1_59' title='bbox 761 763 810 808; x_wconf 70' lang='lat' dir='ltr'><strong>&#39;m</strong></span> 
     </span>
     <span class='ocr_line' id='line_1_11' title="bbox 148 825 690 890; baseline 0.002 -16"><span class='ocrx_word' id='word_1_60' title='bbox 148 827 274 889; x_wconf 82' lang='lat' dir='ltr'><strong>Eliciatque</strong></span> <span class='ocrx_word' id='word_1_61' title='bbox 283 843 358 882; x_wconf 81' lang='lat' dir='ltr'><strong>msnu,</strong></span> <span class='ocrx_word' id='word_1_62' title='bbox 370 827 475 875; x_wconf 88' lang='lat' dir='ltr'><strong>Numidis</strong></span> <span class='ocrx_word' id='word_1_63' title='bbox 485 825 500 874; x_wconf 81' lang='lat' dir='ltr'><strong>d</strong></span> <span class='ocrx_word' id='word_1_64' title='bbox 510 843 564 890; x_wconf 80' lang='lat' dir='ltr'><strong>rege</strong></span> <span class='ocrx_word' id='word_1_65' title='bbox 573 827 690 884; x_wconf 72' lang='lat' dir='ltr'><strong>secundine.</strong></span> 
     </span>
     <span class='ocr_line' id='line_1_12' title="bbox 149 891 650 940; baseline 0.004 -2"><span class='ocrx_word' id='word_1_66' title='bbox 149 891 184 938; x_wconf 91' lang='lat' dir='ltr'><strong>Ut</strong></span> <span class='ocrx_word' id='word_1_67' title='bbox 194 893 234 938; x_wconf 82' lang='lat' dir='ltr'><strong>sibi</strong></span> <span class='ocrx_word' id='word_1_68' title='bbox 245 893 358 939; x_wconf 89' lang='lat' dir='ltr'><strong>commissi</strong></span> <span class='ocrx_word' id='word_1_69' title='bbox 368 894 483 940; x_wconf 83' lang='lat' dir='ltr'><strong>simulstor</strong></span> <span class='ocrx_word' id='word_1_70' title='bbox 495 893 579 940; x_wconf 81' lang='lat' dir='ltr'><strong>Suburs</strong></span> <span class='ocrx_word' id='word_1_71' title='bbox 587 891 650 940; x_wconf 82' lang='lat' dir='ltr'><strong>belli:</strong></span> 
     </span>
     <span class='ocr_line' id='line_1_13' title="bbox 147 955 625 1019; baseline 0.002 -17"><span class='ocrx_word' id='word_1_72' title='bbox 147 955 200 1019; x_wconf 82' lang='lat' dir='ltr'><strong>Ipse</strong></span> <span class='ocrx_word' id='word_1_73' title='bbox 210 955 266 1004; x_wconf 72' lang='lat' dir='ltr'><strong>cavi</strong></span> <span class='ocrx_word' id='word_1_74' title='bbox 276 959 339 1018; x_wconf 83' lang='lat' dir='ltr'><strong>regni</strong></span> <span class='ocrx_word' id='word_1_75' title='bbox 349 958 408 1004; x_wconf 80' lang='lat' dir='ltr'><strong>vires</strong></span> <span class='ocrx_word' id='word_1_76' title='bbox 418 959 441 1005; x_wconf 93' lang='lat' dir='ltr'><strong>in</strong></span> <span class='ocrx_word' id='word_1_77' title='bbox 452 957 511 1006; x_wconf 76' lang='lat' dir='ltr'><strong>velle</strong></span> <span class='ocrx_word' id='word_1_78' title='bbox 520 964 625 1005; x_wconf 77' lang='lat' dir='ltr'><strong>retentet:</strong></span> 
     </span>
     <span class='ocr_line' id='line_1_14' title="bbox 149 1020 668 1084; baseline -0.002 -16"><span class='ocrx_word' id='word_1_79' title='bbox 149 1022 245 1084; x_wconf 73' lang='lat' dir='ltr'><strong>Aspidas</strong></span> <span class='ocrx_word' id='word_1_80' title='bbox 256 1028 282 1068; x_wconf 92' lang='lat' dir='ltr'><strong>ut</strong></span> <span class='ocrx_word' id='word_1_81' title='bbox 293 1021 385 1070; x_wconf 68' lang='lat' dir='ltr'><strong>Pharius</strong></span> <span class='ocrx_word' id='word_1_82' title='bbox 396 1020 466 1070; x_wconf 76' lang='lat' dir='ltr'><strong>ouudd</strong></span> <span class='ocrx_word' id='word_1_83' title='bbox 476 1022 586 1070; x_wconf 73' lang='lat' dir='ltr'><strong>sollertior</strong></span> <span class='ocrx_word' id='word_1_84' title='bbox 596 1022 668 1068; x_wconf 87' lang='lat' dir='ltr'><strong>bostis</strong></span> 
     </span>
     <span class='ocr_line' id='line_1_15' title="bbox 148 1084 647 1149; baseline 0 -17"><span class='ocrx_word' id='word_1_85' title='bbox 148 1085 224 1140; x_wconf 85' lang='lat' dir='ltr'><strong>Ludit,</strong></span> <span class='ocrx_word' id='word_1_86' title='bbox 236 1093 259 1134; x_wconf 86' lang='lat' dir='ltr'><strong>et</strong></span> <span class='ocrx_word' id='word_1_87' title='bbox 269 1087 336 1134; x_wconf 87' lang='lat' dir='ltr'><strong>irstss</strong></span> <span class='ocrx_word' id='word_1_88' title='bbox 346 1086 431 1134; x_wconf 77' lang='lat' dir='ltr'><strong>incerti</strong></span> <span class='ocrx_word' id='word_1_89' title='bbox 440 1093 548 1149; x_wconf 81' lang='lat' dir='ltr'><strong>pmvoost</strong></span> <span class='ocrx_word' id='word_1_90' title='bbox 557 1084 647 1142; x_wconf 75' lang='lat' dir='ltr'><strong>umbrd3</strong></span> 
     </span>
     <span class='ocr_line' id='line_1_16' title="bbox 147 1150 681 1213; baseline 0 -15"><span class='ocrx_word' id='word_1_91' title='bbox 147 1151 299 1212; x_wconf 85' lang='lat' dir='ltr'><strong>Obliquusque</strong></span> <span class='ocrx_word' id='word_1_92' title='bbox 309 1159 375 1213; x_wconf 84' lang='lat' dir='ltr'><strong>ceput</strong></span> <span class='ocrx_word' id='word_1_93' title='bbox 385 1167 454 1199; x_wconf 79' lang='lat' dir='ltr'><strong>venes</strong></span> <span class='ocrx_word' id='word_1_94' title='bbox 464 1151 573 1213; x_wconf 88' lang='lat' dir='ltr'><strong>serpentis</strong></span> <span class='ocrx_word' id='word_1_95' title='bbox 582 1150 606 1196; x_wconf 88' lang='lat' dir='ltr'><strong>iu</strong></span> <span class='ocrx_word' id='word_1_96' title='bbox 616 1165 681 1198; x_wconf 78' lang='lat' dir='ltr'><strong>sum</strong></span> 
     </span>
     <span class='ocr_line' id='line_1_17' title="bbox 147 1215 631 1278; baseline 0.002 -17"><span class='ocrx_word' id='word_1_97' title='bbox 147 1215 235 1262; x_wconf 79' lang='lat' dir='ltr'><strong>Eilbsae</strong></span> <span class='ocrx_word' id='word_1_98' title='bbox 245 1223 294 1261; x_wconf 89' lang='lat' dir='ltr'><strong>tuto</strong></span> <span class='ocrx_word' id='word_1_99' title='bbox 305 1217 443 1277; x_wconf 82' lang='lat' dir='ltr'><strong>comprendit</strong></span> <span class='ocrx_word' id='word_1_100' title='bbox 452 1224 546 1278; x_wconf 77' lang='lat' dir='ltr'><strong>guttum</strong></span> <span class='ocrx_word' id='word_1_101' title='bbox 555 1229 631 1262; x_wconf 83' lang='lat' dir='ltr'><strong>morsu</strong></span> 
     </span>
     <span class='ocr_line' id='line_1_18' title="bbox 147 1279 670 1341; baseline 0.002 -15"><span class='ocrx_word' id='word_1_102' title='bbox 147 1279 269 1326; x_wconf 75' lang='lat' dir='ltr'><strong>letiferam</strong></span> <span class='ocrx_word' id='word_1_103' title='bbox 280 1279 335 1327; x_wconf 84' lang='lat' dir='ltr'><strong>citra</strong></span> <span class='ocrx_word' id='word_1_104' title='bbox 346 1279 440 1326; x_wconf 74' lang='lat' dir='ltr'><strong>saniem:</strong></span> <span class='ocrx_word' id='word_1_105' title='bbox 459 1289 514 1328; x_wconf 86' lang='lat' dir='ltr'><strong>tuuc</strong></span> <span class='ocrx_word' id='word_1_106' title='bbox 523 1280 591 1327; x_wconf 80' lang='lat' dir='ltr'><strong>inrito</strong></span> <span class='ocrx_word' id='word_1_107' title='bbox 600 1279 670 1341; x_wconf 80' lang='lat' dir='ltr'><strong>pestis</strong></span> 
     </span>
     <span class='ocr_line' id='line_1_19' title="bbox 147 1342 732 1406; baseline -0.003 -16"><span class='ocrx_word' id='word_1_108' title='bbox 147 1343 293 1406; x_wconf 88' lang='lat' dir='ltr'><strong>Exprimitur,</strong></span> <span class='ocrx_word' id='word_1_109' title='bbox 309 1342 428 1403; x_wconf 74' lang='lat' dir='ltr'><strong>faucesque</strong></span> <span class='ocrx_word' id='word_1_110' title='bbox 437 1342 512 1388; x_wconf 88' lang='lat' dir='ltr'><strong>fluunt</strong></span> <span class='ocrx_word' id='word_1_111' title='bbox 520 1350 628 1404; x_wconf 83' lang='lat' dir='ltr'><strong>pereunte</strong></span> <span class='ocrx_word' id='word_1_112' title='bbox 636 1356 732 1390; x_wconf 83' lang='lat' dir='ltr'><strong>veneno.</strong></span> 
     </span>
     <span class='ocr_line' id='line_1_20' title="bbox 147 1405 809 1468; baseline -0.008 -12"><span class='ocrx_word' id='word_1_113' title='bbox 147 1407 270 1456; x_wconf 79' lang='lat' dir='ltr'><strong>Fraudibus</strong></span> <span class='ocrx_word' id='word_1_114' title='bbox 281 1414 386 1454; x_wconf 80' lang='lat' dir='ltr'><strong>eventum</strong></span> <span class='ocrx_word' id='word_1_115' title='bbox 397 1406 488 1452; x_wconf 61' lang='lat' dir='ltr'><strong>dedant</strong></span> <span class='ocrx_word' id='word_1_116' title='bbox 497 1405 596 1455; x_wconf 75' lang='lat' dir='ltr'><strong>fortunat</strong></span> <span class='ocrx_word' id='word_1_117' title='bbox 609 1407 724 1468; x_wconf 80' lang='lat' dir='ltr'><strong>feroxque,</strong></span> <span class='ocrx_word' id='word_1_118' title='bbox 759 1408 809 1452; x_wconf 73' lang='lat'><strong>750</strong></span> 
     </span>
     <span class='ocr_line' id='line_1_21' title="bbox 145 1471 743 1535; baseline -0.007 -15"><span class='ocrx_word' id='word_1_119' title='bbox 145 1473 201 1520; x_wconf 85' lang='lat' dir='ltr'><strong>Non</strong></span> <span class='ocrx_word' id='word_1_120' title='bbox 211 1473 331 1535; x_wconf 83' lang='lat' dir='ltr'><strong>exploratis</strong></span> <span class='ocrx_word' id='word_1_121' title='bbox 342 1471 424 1519; x_wconf 86' lang='lat' dir='ltr'><strong>occulti</strong></span> <span class='ocrx_word' id='word_1_122' title='bbox 433 1471 516 1518; x_wconf 81' lang='lat' dir='ltr'><strong>viribus</strong></span> <span class='ocrx_word' id='word_1_123' title='bbox 526 1471 604 1526; x_wconf 84' lang='lat' dir='ltr'><strong>hostis,</strong></span> <span class='ocrx_word' id='word_1_124' title='bbox 740 1474 743 1478; x_wconf 82' lang='grc'><em>’</em></span> 
     </span>
     <span class='ocr_line' id='line_1_22' title="bbox 145 1536 653 1599; baseline -0.014 -12"><span class='ocrx_word' id='word_1_125' title='bbox 145 1536 216 1587; x_wconf 79' lang='lat' dir='ltr'><strong>curto</strong></span> <span class='ocrx_word' id='word_1_126' title='bbox 227 1544 360 1585; x_wconf 78' lang='lat' dir='ltr'><strong>nocmrnum</strong></span> <span class='ocrx_word' id='word_1_127' title='bbox 371 1536 449 1583; x_wconf 82' lang='lat' dir='ltr'><strong>cestris</strong></span> <span class='ocrx_word' id='word_1_128' title='bbox 459 1550 574 1597; x_wconf 79' lang='lat' dir='ltr'><strong>erumpere</strong></span> <span class='ocrx_word' id='word_1_129' title='bbox 583 1538 653 1599; x_wconf 78' lang='lat' dir='ltr'><strong>cogit,</strong></span> 
     </span>
     <span class='ocr_line' id='line_1_23' title="bbox 144 1597 665 1664; baseline -0.002 -16"><span class='ocrx_word' id='word_1_130' title='bbox 144 1602 277 1664; x_wconf 73' lang='lat' dir='ltr'><strong>Ignotisque</strong></span> <span class='ocrx_word' id='word_1_131' title='bbox 286 1601 383 1662; x_wconf 86' lang='lat' dir='ltr'><strong>equitem</strong></span> <span class='ocrx_word' id='word_1_132' title='bbox 392 1597 438 1647; x_wconf 67' lang='lat' dir='ltr'><strong>tate</strong></span> <span class='ocrx_word' id='word_1_133' title='bbox 449 1601 565 1647; x_wconf 78' lang='lat' dir='ltr'><strong>decurrere</strong></span> <span class='ocrx_word' id='word_1_134' title='bbox 574 1616 665 1663; x_wconf 79' lang='lat' dir='ltr'><strong>cmrpss.</strong></span> 
     </span>
     <span class='ocr_line' id='line_1_24' title="bbox 145 1664 653 1729; baseline 0.002 -17"><span class='ocrx_word' id='word_1_135' title='bbox 145 1665 197 1729; x_wconf 89' lang='lat' dir='ltr'><strong>Ipse</strong></span> <span class='ocrx_word' id='word_1_136' title='bbox 208 1666 249 1713; x_wconf 87' lang='lat' dir='ltr'><strong>sub</strong></span> <span class='ocrx_word' id='word_1_137' title='bbox 259 1664 356 1713; x_wconf 81' lang='lat' dir='ltr'><strong>Aurorae</strong></span> <span class='ocrx_word' id='word_1_138' title='bbox 366 1664 449 1729; x_wconf 84' lang='lat' dir='ltr'><strong>primos</strong></span> <span class='ocrx_word' id='word_1_139' title='bbox 460 1664 568 1711; x_wconf 84' lang='lat' dir='ltr'><strong>excedere</strong></span> <span class='ocrx_word' id='word_1_140' title='bbox 577 1673 653 1713; x_wconf 85' lang='lat' dir='ltr'><strong>motus</strong></span> 
     </span>
     <span class='ocr_line' id='line_1_25' title="bbox 145 1728 732 1792; baseline -0.002 -14"><span class='ocrx_word' id='word_1_141' title='bbox 145 1732 216 1792; x_wconf 79' lang='lat' dir='ltr'><strong>Signa</strong></span> <span class='ocrx_word' id='word_1_142' title='bbox 221 1730 286 1791; x_wconf 88' lang='lat' dir='ltr'><strong>jubet</strong></span> <span class='ocrx_word' id='word_1_143' title='bbox 296 1730 380 1785; x_wconf 81' lang='lat' dir='ltr'><strong>cestris,</strong></span> <span class='ocrx_word' id='word_1_144' title='bbox 391 1729 488 1775; x_wconf 89' lang='lat' dir='ltr'><strong>multum</strong></span> <span class='ocrx_word' id='word_1_145' title='bbox 497 1728 623 1791; x_wconf 75' lang='lat' dir='ltr'><strong>frustraque</strong></span> <span class='ocrx_word' id='word_1_146' title='bbox 632 1737 732 1792; x_wconf 66' lang='lat' dir='ltr'><strong>regebus,</strong></span> 
     </span>
     <span class='ocr_line' id='line_1_26' title="bbox 146 1792 732 1858; baseline -0.002 -16"><span class='ocrx_word' id='word_1_147' title='bbox 146 1795 180 1842; x_wconf 91' lang='lat' dir='ltr'><strong>Ut</strong></span> <span class='ocrx_word' id='word_1_148' title='bbox 191 1793 288 1855; x_wconf 83' lang='lat' dir='ltr'><strong>Libycus</strong></span> <span class='ocrx_word' id='word_1_149' title='bbox 298 1801 383 1841; x_wconf 74' lang='lat' dir='ltr'><strong>metuat</strong></span> <span class='ocrx_word' id='word_1_150' title='bbox 392 1792 486 1847; x_wconf 84' lang='lat' dir='ltr'><strong>iruudes,</strong></span> <span class='ocrx_word' id='word_1_151' title='bbox 497 1792 622 1855; x_wconf 79' lang='lat' dir='ltr'><strong>intectsque</strong></span> <span class='ocrx_word' id='word_1_152' title='bbox 631 1810 732 1858; x_wconf 29' lang='lat' dir='ltr'><strong>semper*</strong></span> 
     </span>
     <span class='ocr_line' id='line_1_27' title="bbox 144 1856 680 1921; baseline -0.002 -15"><span class='ocrx_word' id='word_1_153' title='bbox 144 1858 231 1906; x_wconf 80' lang='lat' dir='ltr'><strong>Punice</strong></span> <span class='ocrx_word' id='word_1_154' title='bbox 239 1859 297 1905; x_wconf 81' lang='lat' dir='ltr'><strong>bellu</strong></span> <span class='ocrx_word' id='word_1_155' title='bbox 306 1859 370 1905; x_wconf 86' lang='lat' dir='ltr'><strong>dolis.</strong></span> <span class='ocrx_word' id='word_1_156' title='bbox 401 1856 453 1905; x_wconf 87' lang='lat' dir='ltr'><strong>Leti</strong></span> <span class='ocrx_word' id='word_1_157' title='bbox 463 1857 554 1905; x_wconf 84' lang='lat' dir='ltr'><strong>forttma</strong></span> <span class='ocrx_word' id='word_1_158' title='bbox 562 1860 680 1921; x_wconf 86' lang='lat' dir='ltr'><strong>propinqui</strong></span> 
     </span>
     <span class='ocr_line' id='line_1_28' title="bbox 143 1920 712 1986; baseline 0 -15"><span class='ocrx_word' id='word_1_159' title='bbox 143 1920 274 1971; x_wconf 76' lang='lat' dir='ltr'><strong>Trddiderst</strong></span> <span class='ocrx_word' id='word_1_160' title='bbox 284 1922 335 1971; x_wconf 78' lang='lat' dir='ltr'><strong>fatis</strong></span> <span class='ocrx_word' id='word_1_161' title='bbox 341 1924 460 1986; x_wconf 77' lang='lat' dir='ltr'><strong>juvenem3</strong></span> <span class='ocrx_word' id='word_1_162' title='bbox 477 1922 602 1983; x_wconf 79' lang='lat' dir='ltr'><strong>bellumque</strong></span> <span class='ocrx_word' id='word_1_163' title='bbox 612 1924 712 1971; x_wconf 80' lang='lat' dir='ltr'><strong>uubebut</strong></span> 
     </span>
     <span class='ocr_line' id='line_1_29' title="bbox 145 1987 667 2049; baseline 0 -14"><span class='ocrx_word' id='word_1_164' title='bbox 145 1990 269 2037; x_wconf 85' lang='lat' dir='ltr'><strong>Auctorem</strong></span> <span class='ocrx_word' id='word_1_165' title='bbox 281 1988 346 2035; x_wconf 83' lang='lat' dir='ltr'><strong>civile</strong></span> <span class='ocrx_word' id='word_1_166' title='bbox 356 2002 432 2035; x_wconf 81' lang='lat' dir='ltr'><strong>suum:</strong></span> <span class='ocrx_word' id='word_1_167' title='bbox 452 2002 518 2049; x_wconf 87' lang='lat' dir='ltr'><strong>super</strong></span> <span class='ocrx_word' id='word_1_168' title='bbox 528 1987 598 2034; x_wconf 69' lang='lat' dir='ltr'><strong>sudus</strong></span> <span class='ocrx_word' id='word_1_169' title='bbox 606 1988 667 2035; x_wconf 88' lang='lat' dir='ltr'><strong>ducit</strong></span> 
     </span>
     <span class='ocr_line' id='line_1_30' title="bbox 136 2052 807 2115; baseline -0.004 -15"><span class='ocrx_word' id='word_1_170' title='bbox 136 2054 211 2109; x_wconf 68' lang='lat' dir='ltr'><strong>,Suxu</strong></span> <span class='ocrx_word' id='word_1_171' title='bbox 223 2068 289 2115; x_wconf 89' lang='lat' dir='ltr'><strong>super</strong></span> <span class='ocrx_word' id='word_1_172' title='bbox 299 2059 375 2100; x_wconf 84' lang='lat' dir='ltr'><strong>cuntes</strong></span> <span class='ocrx_word' id='word_1_173' title='bbox 384 2052 478 2114; x_wconf 75' lang='lat' dir='ltr'><strong>abrupto</strong></span> <span class='ocrx_word' id='word_1_174' title='bbox 488 2052 558 2098; x_wconf 80' lang='lat' dir='ltr'><strong>inulte</strong></span> <span class='ocrx_word' id='word_1_175' title='bbox 568 2052 646 2115; x_wconf 60' lang='lat' dir='ltr'><strong>signin</strong></span> <span class='ocrx_word' id='word_1_176' title='bbox 757 2059 807 2103; x_wconf 75' lang='lat'><strong>740</strong></span> 
     </span>
     <span class='ocr_line' id='line_1_31' title="bbox 144 2114 734 2179; baseline 0 -13"><span class='ocrx_word' id='word_1_177' title='bbox 144 2116 205 2166; x_wconf 84' lang='lat' dir='ltr'><strong>Cum</strong></span> <span class='ocrx_word' id='word_1_178' title='bbox 215 2118 293 2179; x_wconf 90' lang='lat' dir='ltr'><strong>procul</strong></span> <span class='ocrx_word' id='word_1_179' title='bbox 304 2114 317 2163; x_wconf 81' lang='grc' dir='ltr'>ὲ</span> <span class='ocrx_word' id='word_1_180' title='bbox 328 2116 421 2165; x_wconf 85' lang='lat' dir='ltr'><strong>summis</strong></span> <span class='ocrx_word' id='word_1_181' title='bbox 431 2117 545 2178; x_wconf 84' lang='lat' dir='ltr'><strong>conspecti</strong></span> <span class='ocrx_word' id='word_1_182' title='bbox 554 2117 648 2164; x_wconf 81' lang='lat' dir='ltr'><strong>oollibtu</strong></span> <span class='ocrx_word' id='word_1_183' title='bbox 657 2118 734 2166; x_wconf 83' lang='lat' dir='ltr'><strong>hostes</strong></span> 
     </span>
     <span class='ocr_line' id='line_1_32' title="bbox 144 2179 696 2243; baseline 0.002 -14"><span class='ocrx_word' id='word_1_184' title='bbox 144 2182 233 2229; x_wconf 75' lang='lat' dir='ltr'><strong>Fraude</strong></span> <span class='ocrx_word' id='word_1_185' title='bbox 242 2180 284 2229; x_wconf 78' lang='lat' dir='ltr'><strong>sui</strong></span> <span class='ocrx_word' id='word_1_186' title='bbox 293 2179 381 2229; x_wconf 82' lang='lat' dir='ltr'><strong>cessdre</strong></span> <span class='ocrx_word' id='word_1_187' title='bbox 390 2195 475 2243; x_wconf 75' lang='lat' dir='ltr'><strong>perum,</strong></span> <span class='ocrx_word' id='word_1_188' title='bbox 487 2180 540 2226; x_wconf 83' lang='lat' dir='ltr'><strong>dum</strong></span> <span class='ocrx_word' id='word_1_189' title='bbox 551 2181 608 2242; x_wconf 69' lang='lat' dir='ltr'><strong>colle</strong></span> <span class='ocrx_word' id='word_1_190' title='bbox 618 2182 696 2229; x_wconf 86' lang='lat' dir='ltr'><strong>relicto</strong></span> 
     </span>
     <span class='ocr_line' id='line_1_33' title="bbox 143 2245 654 2309; baseline 0 -16"><span class='ocrx_word' id='word_1_191' title='bbox 143 2246 247 2293; x_wconf 82' lang='lat' dir='ltr'><strong>Effusam</strong></span> <span class='ocrx_word' id='word_1_192' title='bbox 257 2246 338 2309; x_wconf 73' lang='lat' dir='ltr'><strong>patulis</strong></span> <span class='ocrx_word' id='word_1_193' title='bbox 348 2246 418 2294; x_wconf 82' lang='lat' dir='ltr'><strong>eciem</strong></span> <span class='ocrx_word' id='word_1_194' title='bbox 429 2245 578 2293; x_wconf 83' lang='lat' dir='ltr'><strong>committeret</strong></span> <span class='ocrx_word' id='word_1_195' title='bbox 588 2247 654 2293; x_wconf 82' lang='lat' dir='ltr'><strong>srvis.</strong></span> 
     </span>
     <span class='ocr_line' id='line_1_34' title="bbox 142 2308 681 2371; baseline 0.002 -14"><span class='ocrx_word' id='word_1_196' title='bbox 142 2308 192 2364; x_wconf 80' lang='lat' dir='ltr'><strong>lue,</strong></span> <span class='ocrx_word' id='word_1_197' title='bbox 203 2310 280 2371; x_wconf 75' lang='lat' dir='ltr'><strong>sugam</strong></span> <span class='ocrx_word' id='word_1_198' title='bbox 292 2310 390 2365; x_wconf 85' lang='lat' dir='ltr'><strong>credens,</strong></span> <span class='ocrx_word' id='word_1_199' title='bbox 401 2310 512 2357; x_wconf 79' lang='lat' dir='ltr'><strong>simulstae</strong></span> <span class='ocrx_word' id='word_1_200' title='bbox 522 2311 610 2358; x_wconf 87' lang='lat' dir='ltr'><strong>nescius</strong></span> <span class='ocrx_word' id='word_1_201' title='bbox 620 2311 681 2365; x_wconf 75' lang='lat' dir='ltr'><strong>artis,</strong></span> 
     </span>
     <span class='ocr_line' id='line_1_35' title="bbox 144 2373 654 2436; baseline 0.002 -15"><span class='ocrx_word' id='word_1_202' title='bbox 144 2374 182 2421; x_wconf 86' lang='lat' dir='ltr'><strong>Ut</strong></span> <span class='ocrx_word' id='word_1_203' title='bbox 190 2373 268 2428; x_wconf 85' lang='lat' dir='ltr'><strong>victor,</strong></span> <span class='ocrx_word' id='word_1_204' title='bbox 278 2388 364 2422; x_wconf 82' lang='lat' dir='ltr'><strong>mersos</strong></span> <span class='ocrx_word' id='word_1_205' title='bbox 375 2374 445 2421; x_wconf 83' lang='lat' dir='ltr'><strong>eciem</strong></span> <span class='ocrx_word' id='word_1_206' title='bbox 456 2374 535 2436; x_wconf 85' lang='lat' dir='ltr'><strong>dejecit</strong></span> <span class='ocrx_word' id='word_1_207' title='bbox 545 2375 568 2420; x_wconf 90' lang='lat' dir='ltr'><strong>in</strong></span> <span class='ocrx_word' id='word_1_208' title='bbox 579 2389 654 2436; x_wconf 76' lang='lat' dir='ltr'><strong>egros.</strong></span> 
     </span>
     <span class='ocr_line' id='line_1_36' title="bbox 141 2436 741 2501; baseline -0.002 -15"><span class='ocrx_word' id='word_1_209' title='bbox 141 2437 208 2486; x_wconf 85' lang='lat' dir='ltr'><strong>Tunc</strong></span> <span class='ocrx_word' id='word_1_210' title='bbox 218 2438 314 2498; x_wconf 86' lang='lat' dir='ltr'><strong>primum</strong></span> <span class='ocrx_word' id='word_1_211' title='bbox 324 2436 417 2499; x_wconf 78' lang='lat' dir='ltr'><strong>pstudre</strong></span> <span class='ocrx_word' id='word_1_212' title='bbox 425 2438 478 2492; x_wconf 91' lang='lat' dir='ltr'><strong>doli,</strong></span> <span class='ocrx_word' id='word_1_213' title='bbox 489 2436 640 2500; x_wconf 74' lang='lat' dir='ltr'><strong>Nrunidseque</strong></span> <span class='ocrx_word' id='word_1_214' title='bbox 648 2438 741 2501; x_wconf 78' lang='lat' dir='ltr'><strong>iugsces</strong></span> 
     </span>
     <span class='ocr_line' id='line_1_37' title="bbox 143 2500 733 2563; baseline 0.005 -14"><span class='ocrx_word' id='word_1_215' title='bbox 143 2500 249 2563; x_wconf 90' lang='lat' dir='ltr'><strong>Undique</strong></span> <span class='ocrx_word' id='word_1_216' title='bbox 259 2502 374 2563; x_wconf 84' lang='lat' dir='ltr'><strong>completis</strong></span> <span class='ocrx_word' id='word_1_217' title='bbox 384 2501 511 2549; x_wconf 75' lang='lat' dir='ltr'><strong>clauserunt</strong></span> <span class='ocrx_word' id='word_1_218' title='bbox 521 2503 632 2550; x_wconf 75' lang='lat' dir='ltr'><strong>monnbus</strong></span> <span class='ocrx_word' id='word_1_219' title='bbox 643 2518 733 2563; x_wconf 76' lang='lat' dir='ltr'><strong>sgmeu</strong></span> 
     </span>
     <span class='ocr_line' id='line_1_38' title="bbox 139 2566 693 2629; baseline 0.004 -16"><span class='ocrx_word' id='word_1_220' title='bbox 139 2566 262 2627; x_wconf 84' lang='lat' dir='ltr'><strong>Obstupuit</strong></span> <span class='ocrx_word' id='word_1_221' title='bbox 272 2566 318 2613; x_wconf 86' lang='lat' dir='ltr'><strong>dux</strong></span> <span class='ocrx_word' id='word_1_222' title='bbox 328 2566 335 2611; x_wconf 94' lang='lat' dir='ltr'><strong>i</strong></span> <span class='ocrx_word' id='word_1_223' title='bbox 385 2567 458 2621; x_wconf 82' lang='lat' dir='ltr'><strong>simul,</strong></span> <span class='ocrx_word' id='word_1_224' title='bbox 468 2568 608 2629; x_wconf 83' lang='lat' dir='ltr'><strong>peritumque</strong></span> <span class='ocrx_word' id='word_1_225' title='bbox 621 2568 693 2615; x_wconf 78' lang='lat' dir='ltr'><strong>turbs.</strong></span> 
     </span>
     <span class='ocr_line' id='line_1_39' title="bbox 141 2629 706 2695; baseline 0.007 -18"><span class='ocrx_word' id='word_1_226' title='bbox 141 2629 197 2678; x_wconf 88' lang='lat' dir='ltr'><strong>Nou</strong></span> <span class='ocrx_word' id='word_1_227' title='bbox 208 2630 279 2678; x_wconf 86' lang='lat' dir='ltr'><strong>timidi</strong></span> <span class='ocrx_word' id='word_1_228' title='bbox 288 2632 334 2695; x_wconf 82' lang='lat' dir='ltr'><strong>peti</strong></span> <span class='ocrx_word' id='word_1_229' title='bbox 349 2646 373 2681; x_wconf 86' lang='lat' dir='ltr'><strong>re</strong></span> <span class='ocrx_word' id='word_1_230' title='bbox 382 2630 467 2695; x_wconf 71' lang='lat' dir='ltr'><strong>fugam</strong></span> <span class='ocrx_word' id='word_1_231' title='bbox 479 2646 525 2681; x_wconf 84' lang='lat' dir='ltr'><strong>uon</strong></span> <span class='ocrx_word' id='word_1_232' title='bbox 536 2632 615 2695; x_wconf 80' lang='lat' dir='ltr'><strong>proelis</strong></span> <span class='ocrx_word' id='word_1_233' title='bbox 623 2632 706 2695; x_wconf 53' lang='lat' dir='ltr'><strong>iontem</strong></span> 
     </span>
    </p>
   </div>
   <div class='ocr_carea' id='block_1_3' title="bbox 0 0 946 2950">
    <p class='ocr_par' dir='ltr' id='par_1_3' title="bbox 0 0 946 2950">
     <span class='ocr_line' id='line_1_40' title="bbox 0 0 946 2950; baseline 0 2"><span class='ocrx_word' id='word_1_234' title='bbox 0 0 946 2950; x_wconf 95' lang='lat' dir='ltr'><strong> </strong></span> 
     </span>
    </p>
   </div>
  </div>
 </body>
</html>
