1884 2950
287 149 496 200 PHARSALIAE
512 151 568 198 Ln.
579 149 615 198 ll.
737 155 770 197 21

17 309 18 320 ,
110 275 357 342 Miraturquemalum.
390 279 473 330 Cultus
482 289 587 330 matrona
596 281 682 344 priores

110 341 244 404 Depoorit;
261 353 395 408 moestaeque
405 354 485 394 teuent
494 348 586 394 delubra
596 354 700 393 eutem.

111 405 162 453 Hae
171 409 271 464 lacrimis
282 409 384 472 sparsere
395 411 466 467 Deos,
478 413 515 459 lrae
524 420 617 474 pectora
627 411 683 457 duro
741 413 776 456 30

110 471 223 521 Adfixere
234 477 299 532 solo3
316 476 445 538 lacerasque
456 478 480 524 in
489 477 568 523 limine
581 492 645 525 suero
768 492 772 500 ’

110 535 228 586 Attonitae
238 538 318 588 fudere
328 556 418 598 comm
434 543 539 602 votisque
547 543 625 588 vocari

111 601 230 650 Adsuetas
240 606 322 652 crebris
332 606 416 654 lorium
426 605 547 653 ululatibus
557 621 629 652 aures.

111 665 167 712 Neo
178 676 267 716 cunctae
277 671 359 718 summi
369 672 454 732 templo
460 669 555 734 jacuere
564 670 690 718 Tonantis:

111 729 225 782 Divisere
235 734 317 782 Deos:
333 743 359 782 et
369 735 437 782 nullis
444 735 516 782 defuit
525 737 570 783 aris
672 764 676 767 Α

110 793 228 844 Invidiam
237 798 325 846 factura
334 816 430 861 parens;
448 815 543 861 qrrarum
552 817 599 847 uno
608 801 727 848 madentes

112 861 192 909 Scissa
202 879 279 924 genas,
290 863 381 926 planctu
393 865 490 912 liventes
500 874 549 912 utra
558 866 661 920 lacertos,

111 923 192 982 Nunc,
204 929 242 983 ait,
253 926 267 976 ὂ
278 931 366 976 miserae
376 931 508 977 contundite
517 938 609 992 pectora
618 937 709 984 matres,

111 987 186 1037 Nunc
196 993 279 1040 laniate
289 1009 380 1051 comas;
397 1010 455 1042 neve
466 996 526 1041 lruuo
537 995 623 1041 differte
633 995 740 1048 dolorem,

112 1053 148 1102 Et
159 1059 254 1104 summis
265 1067 354 1106 servate
364 1060 441 1106 malis:
461 1075 522 1106 nuuc
532 1059 586 1106 flere
597 1065 703 1121 potestas,
741 1063 774 1105 40

17 1117 18 1174 ἶ
113 1117 183 1167 Dum
193 1123 276 1184 pendet
285 1123 377 1170 fortuna
386 1125 482 1171 duoume
502 1139 553 1170 eum
564 1125 644 1170 vicerit
653 1124 716 1176 alter,

17 1189 18 1216 l
114 1185 269 1234 Gaudendum
280 1201 327 1235 est:
342 1189 377 1236 his
388 1205 412 1236 se
424 1189 519 1235 stimulis
530 1188 594 1234 dolor
604 1191 652 1250 ipse
661 1188 758 1234 lacessit.

112 1247 169 1296 Neo
181 1266 227 1297 non
237 1252 296 1300 bella
306 1253 354 1306 viri,
366 1255 498 1313 diversaque
508 1261 582 1300 castra
590 1259 701 1314 petentes,

111 1312 245 1362 Effundunt
250 1318 324 1379 justas
335 1319 358 1363 in
369 1319 461 1364 numina
473 1334 534 1364 saeve
543 1318 652 1378 querelas.

113 1377 138 1424 Ο
150 1380 241 1426 miserae
252 1383 325 1436 sortis,
336 1379 396 1442 quod
407 1398 453 1429 non
463 1383 487 1428 in
499 1381 586 1430 Punico
596 1383 644 1428 nati
701 1422 704 1428 ,

111 1442 232 1506 Tempora
243 1444 373 1495 Cannarum
383 1447 474 1503 fuimus,
484 1445 625 1509 Trebiaeque,
631 1447 752 1510 juventus,

84 1562 87 1569 ,
111 1508 174 1557 Non
186 1526 262 1571 pacem
273 1513 376 1573 petimus,
389 1513 482 1573 Superi:
502 1514 553 1559 (late
563 1514 667 1574 gentibus
677 1513 735 1558 iras:
752 1504 758 1541 ²

110 1574 188 1621 Nune
199 1576 264 1623 urbes
275 1578 347 1624 excite
357 1578 429 1624 feras:
449 1579 551 1639 omjuret
560 1578 585 1623 iu
595 1592 658 1623 armo

110 1638 233 1687 Mundus:
249 1641 406 1689 erhaemeuiis
416 1642 535 1689 decurrent
545 1642 637 1689 Medica
648 1639 711 1687 Susis

17 1716 18 1737 ¹
111 1704 233 1766 Agmina:
248 1705 396 1768 Massageten
406 1707 525 1767 Scythicus
535 1721 581 1753 uon
592 1707 669 1768 alliget
680 1704 773 1752 Histert

17 1770 18 1797 l
111 1768 209 1817 Fundat
219 1770 247 1817 ab
257 1779 358 1817 extremo
369 1770 441 1819 flavos
452 1772 565 1832 Aquilone
577 1771 663 1817 Sulivos
743 1774 774 1821 51-

112 1834 191 1888 Albis,
202 1841 226 1881 et
235 1836 372 1882 indomitum
380 1836 455 1883 Rheni
467 1842 546 1897 caput:
567 1837 669 1881 omnibus
679 1836 756 1881 hostes

113 1898 217 1945 Reddite
227 1900 268 1947 no's
278 1902 366 1961 populis
376 1919 383 1945 r
401 1900 466 1946 civile
475 1901 571 1947 avertite
581 1900 676 1946 bellum:
750 1939 753 1946 .

112 1962 182 2009 Hinc
193 1962 273 2011 Dacus
282 1974 378 2027 premat,
387 1966 439 2011 inde
451 1966 535 2013 Getes:
555 1971 657 2010 occurrat
668 1962 762 2009 Hiberis

17 2088 19 2093 Ι
113 2028 197 2076 Alter:
218 2030 246 2075 ed
257 2029 320 2077 Elias
330 2030 366 2075 hic
377 2036 451 2077 vertat
462 2031 527 2091 rigna
536 2030 660 2091 pharetras.

114 2092 191 2141 Nulla
200 2102 266 2141 vacet
276 2096 321 2150 tilii,
334 2094 415 2147 Βοωε,
427 2110 519 2145 manus:
540 2094 576 2139 vel
586 2093 680 2153 perder’e
687 2104 769 2138 nomen

116 2158 142 2203 Si
154 2158 230 2219 placet
241 2158 386 2221 Hesperium,
400 2159 486 2221 Superi,
498 2159 608 2219 collapsus
618 2158 641 2203 in
652 2158 718 2218 ignes

115 2222 234 2271 Plurimus
246 2224 274 2270 od
284 2231 366 2271 terram
377 2240 417 2285 per
427 2224 521 2270 fuhnino
531 2223 618 2270 decidat
628 2223 705 2267 aether.

116 2288 188 2335 Saeve
197 2304 284 2349 parens,
296 2297 402 2349 utrasque
413 2289 480 2336 simul
490 2296 608 2350 partesque
618 2287 737 2345 docesque.

116 2352 186 2399 Dum
197 2354 298 2401 nondum
308 2350 417 2407 meruere,
428 2353 477 2400 ieri.
501 2352 607 2399 Tantone
618 2364 729 2398 novorum
744 2352 778 2397 60

117 2416 238 2464 Proventu
249 2418 358 2465 scelerum
369 2418 480 2479 quaerunt,
491 2424 542 2463 uter
551 2417 640 2478 inperet
648 2414 723 2462 Urbi?

116 2480 168 2527 Vix
179 2482 237 2528 tanti
247 2482 322 2531 iuerat,
330 2482 404 2531 civilia
412 2482 472 2528 bella
481 2496 579 2534 movere,
651 2521 653 2524 .

117 2545 156 2593 Ut
167 2552 254 2592 neuter.
278 2546 347 2593 Tales
357 2548 429 2607 pietas
439 2546 539 2606 perituro
548 2544 650 2603 querelas

118 2609 217 2671 Egerit:
237 2617 261 2657 et
271 2611 366 2657 miseros
377 2610 441 2671 ungit
452 2624 493 2655 suo
502 2623 556 2653 euru
565 2613 677 2667 parentes

118 2673 269 2737 Oderuntque
279 2676 360 2739 gravis.
367 2674 455 2739 virosis
463 2672 624 2737 fotuoeueetae,
661 2712 665 2718 .
