1884 2950
194 147 197 154 ¹
237 185 289 236 nn
305 177 486 237 nucinum
502 169 624 236 nevis
721 187 772 249 ess

87 309 250 381 Dotiniusque
261 317 332 365 semei
341 315 409 364 venii
420 315 534 380 Ligarius,
546 325 614 379 etque

91 385 221 435 Coeessius:
242 385 281 430 sed
292 383 330 445 qui
340 383 412 445 vulgo
424 384 546 430 creduntur
557 383 623 431 amici

92 451 165 499 lilius
177 451 304 513 adjungunt
315 463 380 504 sese3
398 447 527 494 Trebonius
538 449 597 495 inter

93 516 154 564 Hos
164 516 215 570 fuit,
227 525 250 560 et
263 513 342 566 cana„
354 522 378 559 et
390 511 499 570 Cimber;
511 529 553 560 nec
566 512 659 564 Cassius
670 527 722 564 scer

93 579 287 702 Dfflimffis'
298 578 337 640 qui
343 579 452 625 libertatis
464 578 575 641 ademptae

194 648 228 692 vis
239 643 323 691 urbani
333 643 432 706 praeturi
442 642 457 691 d
468 643 561 692 Caesare
572 659 644 708 nuper

127 709 222 771 onntus)
235 711 319 757 vindex
331 724 445 771 nunquam
457 725 565 757 nonense
577 711 673 760 volebat.

99 776 216 840 Jungitur
226 776 261 823 iris
273 775 391 830 Decimus,
402 775 534 822 notissimus
544 777 603 823 inter
614 778 699 828 amieos

92 840 209 900 ,crenus
220 843 330 904 ingratus,
342 843 378 886 eui
389 840 475 888 Trans·
480 841 563 903 Alpina
572 842 653 890 fuisset

101 907 180 956 Gallia
192 906 300 955 Ctesareo
312 921 383 967 nuper
394 907 515 953 commisse
524 906 609 954 favore.

32 967 36 1001 t
100 973 160 1022 Non
170 973 234 1018 illum
246 972 367 1034 conjuncta
376 970 438 1026 iides,
451 986 497 1016 non
509 987 592 1018 nomen
603 973 669 1021 nmiei

100 1037 228 1086 Deterrere
237 1043 319 1100 potest
353 1035 404 1082 Nee
415 1037 487 1083 adhuc
499 1045 534 1084 su
545 1037 608 1084 firma
620 1039 708 1088 videtur

102 1102 229 1167 Conjuratn
239 1117 326 1155 munus,
337 1103 440 1161 quamvis
450 1117 502 1163 pers
513 1111 575 1148 tanta
586 1105 689 1160 senatus,¹

102 1167 197 1230 Totque
207 1167 275 1214 simul
285 1181 390 1229 proceres
401 1167 529 1214 sanxissent
536 1167 623 1215 foedera
633 1169 688 1217 dira.

102 1231 141 1280 Te
149 1249 247 1296 quoque,
259 1233 302 1278 flos
308 1235 419 1295 juvenum
428 1227 553 1288 Intiomm,
566 1239 589 1280 et
601 1235 674 1280 nobile
682 1251 773 1292 nomen.

104 1297 185 1353 Brute,
195 1305 276 1360 petunt
286 1298 355 1358 eoepti
366 1310 462 1351 socrum,
471 1299 583 1358 caedisque
594 1299 698 1348 nesnndae

106 1362 260 1426 Participem3
277 1371 303 1408 ut
314 1370 383 1409 tantae
394 1364 500 1426 pietatem
512 1363 633 1410 obtendere
644 1365 724 1430 culpae,

105 1427 204 1479 Etdure
210 1429 250 1491 jus
262 1427 340 1475 sceleri
351 1436 428 1491 posset
439 1429 565 1477 venerabile
577 1428 643 1477 Bruti

106 1493 199 1542 Nomen
206 1494 264 1555 apud
275 1494 378 1555 populos.
411 1493 458 1541 Hic
469 1494 577 1544 libertatis
589 1496 702 1561 adempte!

32 1589 33 1620 3
107 1560 141 1609 Bt
152 1560 230 1621 petriae
241 1559 325 1604 vindex
336 1560 446 1606 natalibus
456 1575 508 1607 esse
519 1561 606 1607 videtur
699 1602 702 1615 ,

107 1625 131 1672 Δ
143 1625 235 1686 Superis
245 1623 390 1685 designatum
408 1632 453 1678 tua,
465 1627 563 1671 maxime
578 1626 655 1682 Brute,

108 1688 240 1752 Psogenies,
252 1690 337 1751 primus
348 1690 386 1750 qui
397 1692 489 1737 nomine
500 1692 598 1739 consulis
609 1708 682 1743 annos

32 1765 33 1774 ¹
110 1753 210 1816 signini
221 1754 308 1809 Latios,
320 1754 390 1817 pulsis
400 1770 430 1801 ex
441 1756 495 1802 urbe
503 1758 612 1815 tyrannis.

111 1817 180 1866 Urbis
190 1829 238 1867 erat
248 1827 332 1883 praetor
343 1818 445 1878 Brutus;
463 1822 498 1867 eui
512 1818 605 1870 Cassius
615 1823 684 1872 netis

109 1880 207 1932 Iunctus
214 1886 317 1933 amicitiis
330 1886 367 1951 (ut
377 1886 455 1933 eodem
463 1887 557 1948 junctus
570 1886 666 1951 honore)
705 1934 708 1939 .

32 1965 33 1968 ’
110 1948 144 1999 Bt
154 1957 208 1997 tunc
219 1952 335 1998 immensis
345 1952 548 2014 cupiebttjungier
558 1955 625 2000 ausis.

111 2012 183 2062 Hune
194 2031 289 2077 quoque,
301 2032 353 2062 cum
365 2026 430 2064 notus
441 2018 533 2063 intravit
545 2016 639 2067 Cassius
649 2018 717 2079 aedes,

112 2079 205 2127 Invenit
214 2089 329 2134 moestum,
338 2088 362 2127 et
372 2079 440 2128 tacite
452 2086 568 2144 surgentia
579 2078 650 2145 regnu

111 2144 273 2194 Dsmnnntem.
305 2144 374 2193 Tnles
385 2155 459 2193 versat
469 2148 523 2193 dum
534 2159 625 2211 pectore
636 2164 708 2207 eurus,

112 2209 204 2260 cassius
215 2209 353 2272 aggreditur.
385 2210 441 2258 Non
452 2213 523 2266 runis,
536 2212 614 2264 Brute.
627 2216 724 2276 querelis

112 2275 212 2336 Tempus
223 2282 291 2337 eget:
311 2277 400 2340 satjnm
413 2278 478 2333 rotis,
491 2280 603 2340 tacitoque
614 2281 685 2329 dolori

114 2339 253 2390 Concessum
265 2347 307 2395 est,
319 2350 354 2387 sat
366 2342 479 2389 consiliis:
497 2358 558 2390 nunc
569 2344 659 2392 vindice
669 2344 750 2395 dextri

115 2404 245 2453 Utendum:
265 2406 362 2452 ultorem
374 2418 449 2468 sperat
459 2416 483 2454 te
495 2406 576 2462 Roma,
588 2419 695 2473 tuamque

115 2467 217 2518 hiems
227 2486 334 2533 oppressa
343 2487 435 2518 manum
441 2474 498 2534 jam,
511 2471 589 2528 Brute,
602 2477 702 2537 requirit.

116 2532 170 2582 Hoc
180 2534 194 2582 d
204 2544 227 2582 te
235 2544 351 2598 exspectnt
360 2538 463 2599 populus,
476 2539 591 2600 taciteque
601 2548 711 2601 precetur.

117 2598 176 2649 Bne
186 2602 247 2649 sellis
258 2601 383 2662 statuisque
394 2604 438 2649 tuis
449 2604 557 2665 inscripta
566 2604 665 2667 legebus,

117 2666 218 2715 Anthene
228 2668 323 2730 ignoto:
342 2682 389 2714 non
400 2665 414 2715 d
424 2676 448 2715 te
458 2682 553 2716 munera
563 2684 622 2717 rnna

117 2730 217 2782 Venetus
227 2731 338 2795 indosque
347 2739 434 2796 petunt,
446 2740 485 2782 eut
496 2734 564 2781 talin:
584 2734 632 2782 soie

524 2802 540 2845 2
548 2812 562 2847 c
