1884 2950
143 170 189 213 tae
337 197 339 205 ι
405 161 542 217 aucam
612 194 615 199 -

141 294 166 342 Si
177 294 233 356 qula,
245 294 283 357 qui
293 295 375 343 restria
380 294 448 357 c'aput
452 303 550 357 extaque
559 295 659 345 moiun
668 296 743 344 insane
751 298 801 344 'ilo

140 358 253 421 Inposuit,
263 361 364 407 victuma
375 368 429 415 erat,
440 368 518 423 parete
526 360 633 423 precanti
797 362 799 366 ’

140 423 196 472 Νοιι
208 424 231 471 in
237 424 347 473 Tartareo
356 426 482 473 latitantem
492 426 606 487 poacimua
616 432 690 481 antro,

141 488 312 551 Adsuetamque
322 490 360 536 diu
371 492 483 547 tenebrb3
499 491 567 537 modo
577 491 628 538 luce
636 488 717 553 nouat
786 508 790 517 ¹

140 553 326 602 Descendentem
336 556 449 601 animnrnr
467 553 540 616 primd
548 556 652 617 pallentia
661 557 725 602 hiatu

141 616 225 666 Haeret
235 620 307 666 adhuc
318 618 383 666 Orci:
403 620 456 666 licet
466 621 507 666 bor
517 622 621 667 exandiat
631 621 711 667 herbae

141 683 180 730 Ad
190 699 268 731 manes
278 690 373 731 ventura
383 685 459 731 aernel.
492 684 567 731 Ducis
574 686 649 731 omina
659 691 714 731 nato

141 746 280 811 Pompeiana
290 755 356 796 canat
366 750 437 796 nostri
447 750 516 797 modo
525 750 602 795 militia
612 750 697 804 umbra,

141 813 165 861 si
176 815 234 859 bene
244 814 272 859 de
282 814 346 859 vobis
357 814 431 859 civilia
440 814 498 861 bella
507 820 628 861 merentur.

173 877 234 925 Haec
246 878 282 924 ubi
291 876 345 932 fata,
356 885 422 940 caput
432 880 601 939 spumantiaque
610 894 651 925 ora
660 877 751 932 levavit,

141 941 246 1003 Adspicit
257 942 380 988 adstantem
393 944 487 1004 projecti
499 945 599 1005 corporis
609 944 718 999 umbram,
751 944 801 989 ’ΝΟ

140 1004 267 1053 Exanimes
278 1013 346 1061 artua,
357 1008 475 1067 invisaque
484 1008 581 1055 claustra
591 1009 708 1055 timentem

142 1068 246 1119 Carceris
256 1072 354 1132 antiqui:
367 1078 435 1132 pavet
442 1073 476 1117 ire
486 1073 511 1117 in
520 1081 599 1133 pectus
609 1080 718 1135 apertum,
794 1067 797 1074 ’

139 1134 285 1196 Vuceraque,
296 1144 320 1182 et
330 1144 406 1198 ruptae
415 1136 477 1181 letali
487 1136 580 1183 vulnere
589 1137 663 1185 librae.

139 1199 178 1246 Ah
185 1201 259 1255 mirer,
267 1207 393 1247 extremum
401 1202 437 1246 cui
447 1202 527 1248 mortio
535 1217 617 1249 munna
628 1198 704 1262 inique

140 1264 249 1327 Eripitur,
262 1281 309 1313 uon
319 1280 385 1327 poaae
396 1264 466 1313 mori!
486 1266 580 1313 miratur
586 1266 703 1320 Erichtho,

141 1328 194 1377 Hae
203 1329 256 1377 satia
266 1330 356 1377 licuiaae
368 1345 450 1383 moras,
461 1330 562 1391 irataque
571 1331 646 1385 morti,
662 1349 666 1357 ¹

140 1393 251 1443 Verberat
260 1395 371 1441 inmotum
383 1396 435 1442 vivo
447 1398 550 1456 serpente
560 1396 670 1451 cadavera

140 1457 230 1522 Perque
236 1475 303 1506 cavae
313 1467 386 1516 terrae,
398 1475 453 1520 quar
464 1460 513 1522 egit
523 1461 626 1516 carmine,
635 1460 703 1507 rimae

139 1523 248 1572 Manibus
258 1525 355 1580 inlatrat,
366 1526 476 1587 regnique
486 1525 574 1572 silentia
583 1527 673 1587 rumpit.

139 1587 269 1650 'firiphone
280 1590 386 1650 vocisque
408 1605 466 1636 meae
476 1605 555 1636 secura
565 1589 676 1652 Megaera,
752 1587 802 1634 ⁷30

139 1651 196 1701 Non
206 1655 273 1716 agitis
284 1654 350 1701 aeria
361 1653 431 1702 Erebi
440 1670 482 1716 per
491 1656 558 1702 inane
567 1654 664 1716 flagellis

139 1715 258 1766 Infelicem
270 1718 384 1765 animam?
395 1719 444 1781 jam
456 1735 498 1765 voa
508 1735 553 1781 ego
564 1720 655 1766 nomine
664 1732 718 1766 vero

139 1783 244 1838 Ellelum,
256 1783 393 1845 Stygiaeque
404 1799 471 1832 cenea
482 1785 506 1829 in
514 1785 565 1831 luce
575 1782 671 1845 aupernd

138 1846 283 1895 Destituam:
302 1863 342 1910 per
352 1850 418 1896 busta
428 1863 515 1910 aequm,
526 1865 566 1911 per
575 1848 655 1896 funera
664 1852 756 1903 cuatoa3

139 1911 260 1976 Expellam
269 1914 378 1970 tumulia3
394 1915 484 1975 abigam
492 1929 534 1960 voa
543 1914 647 1960 omnibus
657 1912 733 1969 nmir3

137 1975 218 2038 Teque
230 1977 296 2034 Deir,
307 1979 336 2024 ad
346 1993 403 2038 quoa
413 1978 457 2025 alio
467 1979 588 2038 proaedere
597 1979 661 2024 vultu

137 2041 205 2090 Ficta
214 2044 280 2097 aclea,
293 2041 388 2098 Hecate,
395 2043 488 2104 pallenti
497 2043 571 2090 tabida
579 2041 659 2097 torma,
740 2069 753 2078 -·

138 2105 270 2162 Ostendam,
280 2107 405 2167 faciemque
416 2107 486 2154 Erebi
496 2114 584 2154 mutare
593 2108 682 2154 vetabo.
719 2109 724 2118 “

138 2171 248 2232 Eloquar,
259 2173 362 2218 inrnenao
372 2179 439 2218 terrae
450 2173 492 2218 rub
502 2171 606 2233 pondere,
618 2187 669 2232 quae
679 2177 704 2216 te

139 2235 286 2290 Contincant,
295 2235 407 2291 Hennaea,
416 2235 491 2297 dapes,
497 2235 631 2296 quoioedere
637 2240 744 2283 moeatum
751 2235 803 2281 740

137 2300 229 2362 Regem
241 2302 314 2347 noctis
324 2315 393 2356 amer,
404 2315 455 2361 quae
466 2307 490 2346 te
499 2301 604 2361 contagia
613 2314 702 2361 paaaam

138 2365 247 2412 Noluerit
257 2380 362 2412 revocare
374 2363 452 2414 Cerea
485 2364 543 2419 Tibi,
555 2366 652 2426 peadme
662 2363 741 2411 mnndi

138 2431 237 2484 Arbiter,
248 2431 360 2476 inmittam
372 2431 443 2492 ruptis
453 2428 537 2477 Titana
547 2431 649 2476 carernia
660 2447 668 2487 ς

139 2493 173 2541 Et
184 2495 257 2540 aubito
267 2491 348 2540 feriere
359 2495 401 2541 die.
436 2493 540 2541 Paretiai
552 2510 579 2541 ao
591 2494 629 2541 ille

140 2557 317 2620 Compellandus
327 2561 376 2614 erit,
386 2573 432 2620 quo
443 2574 566 2621 numquam
577 2567 637 2606 terra
646 2563 728 2606 vocato

138 2621 196 2670 Non
207 2637 316 2670 concuaaa
325 2625 416 2682 tremit3
428 2625 466 2686 qui
474 2625 586 2686 Gorgona
596 2623 669 2670 cernit
678 2627 785 2684 apertam,

139 2685 320 2750 Verberibuaque
330 2687 377 2737 auia
386 2689 496 2752 trepida-m
507 2682 603 2753 wiigfil
612 2687 730 2749 Erinnyor
