1884 2950
291 154 502 211 PHARSALIAE
518 155 572 207 Lis.
583 156 643 205 VII.
752 161 799 207 145

133 290 205 341 Mors
215 292 252 339 hie
261 294 338 355 gentis
347 299 408 339 erat:
428 290 521 353 sanguis
530 290 560 335 rlri
566 287 635 350 lluxit
643 286 750 342 delirent,

135 358 254 412 Ponticus,
266 358 389 417 Assyrius:
411 363 505 402 cunctos
515 356 602 401 lraerere
611 366 703 398 cruores

135 422 262 479 Ronanus,
271 421 403 482 campisque
412 427 476 467 vetet
486 419 608 465 consistere
619 424 717 463 torrens:

135 486 216 549 Mnjus
226 488 253 533 ab
264 488 306 533 lrao
317 486 372 541 soie,
381 482 448 545 qudm
456 484 516 544 quod
527 498 568 529 suo
575 482 651 528 seeuls
659 480 751 537 ferrent,

136 550 229 597 Vulnus
239 552 322 597 hebent
329 550 420 611 populi3
436 548 488 610 plus
499 555 533 593 est
543 544 610 606 quim
621 547 675 600 vito,
687 547 798 607 solusque,

137 614 210 669 Quod
218 615 289 677 perit3
306 616 330 660 in
341 621 414 659 totum
425 613 503 658 mundi
512 612 674 674 prosternimur
685 626 773 657 sevum:

137 678 259 727 Vincimur
268 680 305 724 his
315 678 396 739 gladiis
407 678 487 731 omnis,
499 692 550 736 quae
561 677 649 728 serviet,
660 682 723 723 nemo.
751 678 796 722 641
828 690 837 699 ·

124 742 248 791 ‚Proxime
258 742 312 803 quid
323 741 417 795 suboles,
430 746 469 786 aut
479 741 534 801 quid
543 736 646 786 meruere
656 748 751 801 nepotes

137 806 169 855 In
180 822 275 869 regnum
286 804 364 851 nasci?
380 805 454 865 pavidi
464 819 519 850 num
529 806 640 865 gessimus
651 804 729 851 enne?

136 871 251 919 Teximus.
259 876 299 917 sut
304 868 417 931 jugulos?
433 868 500 914 nlieni
509 870 671 929 poenotimoris

136 935 169 983 In
177 933 255 983 noemi
265 934 353 981 nervice
363 933 438 980 sedet:
456 939 508 995 post
515 933 595 993 proelis
605 934 663 983 natis

138 1000 166 1049 Si
175 1000 298 1053 dominum,
310 996 418 1051 Fortuna,
429 997 502 1051 dabas
513 1003 537 1041 et
546 997 604 1043 bellu
613 998 718 1045 dedisses.

172 1063 225 1113 Jsm
236 1063 265 1111 M
311 1076 338 1109 us
348 1062 455 1125 transisse
465 1060 539 1115 Deos,
549 1059 756 1122 Romensqnessts,
779 1095 783 1099 -
796 1058 800 1064 ’

139 1129 263 1177 Semerstl
290 1128 341 1181 elin
352 1124 400 1172 tots
410 1126 450 1172 vix
460 1126 523 1172 elude
533 1132 630 1181 conotus,

137 1193 264 1241 Fortunam
275 1192 380 1238 &muare
389 1205 460 1237 sumu
492 1189 560 1235 Stetit
569 1204 654 1251 aggere
662 1193 735 1253 omrpi

136 1256 243 1312 Eurinus,
254 1257 314 1303 uude
324 1270 401 1302 omnes
413 1269 500 1317 sparsos
509 1268 550 1315 per
559 1252 668 1301 'I’hessnls
678 1269 731 1301 rurs
749 1258 800 1302 650

139 1322 276 1384 Adspiceret
286 1318 366 1375 clades,
377 1334 428 1381 quae
438 1319 497 1365 bello
507 1319 610 1365 obstas&
618 1319 723 1366 latebunt.
804 1354 807 1358 .

139 1384 189 1433 Tot
199 1386 249 1433 telis
260 1384 355 1432 melate
364 1386 417 1447 peti,
429 1391 463 1430 tot
473 1383 631 1445 corporatum,
803 1398 807 1406 ·

140 1452 180 1500 Ao
190 1462 216 1498 se
225 1457 272 1498 tum
282 1449 354 1497 multo
364 1456 496 1511 pereuntum
506 1449 616 1510 sunguine
625 1449 695 1496 viditr

141 1515 202 1570 Nee,
214 1515 272 1562 siem
282 1527 332 1560 mos
342 1521 377 1560 est
387 1513 480 1568 miseris,
490 1514 579 1560 trtlrere
589 1516 665 1561 omnis
674 1530 750 1562 seornu

139 1580 222 1630 Illerss
226 1581 299 1642 juvat,
311 1586 436 1640 gentesque
446 1593 493 1624 suae
503 1579 598 1624 miscere
606 1580 686 1627 ruinae

140 1644 178 1692 Ut
188 1643 262 1692 Lutise
272 1650 325 1705 post
335 1659 359 1690 se
368 1645 431 1690 vivat
440 1657 491 1706 pars
502 1642 599 1690 maxims
607 1645 687 1699 nube,

140 1710 254 1757 Sustinuit
264 1708 345 1770 dignos
356 1709 423 1754 etism
434 1723 495 1754 nune
505 1708 596 1754 erodere
605 1709 665 1755 votis

53 1791 58 1801 ’
140 1772 270 1828 Coelieolss,
281 1770 388 1834 vovitque
399 1773 434 1820 sui
444 1772 523 1820 soletis
532 1774 610 1819 ossus:

140 1837 238 1894 Parcite,
250 1839 281 1884 nit
292 1837 377 1899 Superi,
386 1844 479 1884 ermolas
488 1844 629 1898 prosternere
638 1842 718 1900 gentes
727 1858 733 1884 z

140 1903 221 1951 Stante
231 1908 306 1964 potest
316 1902 406 1956 mundo,
418 1900 538 1965 Romique
548 1904 672 1962 superstite,
683 1903 786 1966 Magnus
806 1917 809 1924 ·

139 1968 201 2016 Esse
211 1967 286 2013 misen
297 1966 391 2028 Siplura
397 1968 480 2030 Juvsnt
489 1980 540 2012 meo
549 1966 648 2021 vulnere
659 1971 743 2030 conjux
754 1972 799 2016 661

141 2033 187 2097 Est
197 2032 258 2086 mihi,
265 2038 324 2093 ¹sunt
335 2032 395 2087 nsti3
413 2030 514 2076 dedimus
525 2037 559 2076 tot
572 2032 668 2092 pignora
676 2031 736 2079 fatis.

140 2095 240 2145 Civiline
250 2111 328 2158 parum
338 2103 374 2142 est
383 2095 448 2150 bello,
460 2095 479 2143 si
490 2109 570 2156 meque
579 2111 686 2156 meosque
716 2112 718 2116 ’

139 2159 245 2208 Obrunt?
261 2163 351 2222 exiguae
361 2160 435 2206 eludes
446 2175 530 2214 sumus,
541 2160 595 2221 orbe
605 2157 712 2207 remoto?

139 2225 225 2274 Omnis
235 2225 288 2286 quid
297 2220 399 2271 lsceras?
416 2225 469 2284 quid
478 2224 571 2285 perdere
580 2231 662 2271 onnots
670 2225 770 2274 labores!

138 2289 193 2339 Jsm
205 2290 261 2337 nihil
270 2296 313 2345 est,
324 2289 431 2344 Fortuna,
443 2304 525 2336 meum.
559 2289 597 2336 Sic
606 2289 677 2348 lotur3
690 2298 713 2337 et
720 2305 789 2348 mma,

140 2355 262 2418 Signaque
274 2361 300 2400 et¹
307 2354 407 2411 ndlliotns
418 2355 480 2400 omni
485 2359 605 2416 Jsmpone
614 2351 722 2412 ostense,
809 2366 812 2370 ’

141 2417 237 2474 creuit,
249 2425 272 2466 et
283 2425 373 2466 revocat
383 2426 470 2465 mature
480 2417 667 2474 interementes,
682 2414 684 2418 ¹
809 2435 812 2440 ·

142 2483 217 2546 Seque
228 2491 297 2545 negot
306 2484 377 2530 tenti:
397 2497 439 2528 noo
449 2483 526 2528 deerat
536 2484 603 2529 robur
613 2485 638 2529 in
647 2498 714 2533 enses

142 2547 181 2596 Ire
191 2549 250 2602 duci,
257 2548 383 2610 juguloque
392 2546 445 2608 peti,
456 2547 495 2595 vel
504 2554 595 2608 pectore
603 2547 674 2594 letum
682 2566 689 2604 ;
755 2542 814 2596 670'

143 2612 189 2660 Sed
198 2613 283 2666 timuit*
292 2611 445 2666 stratu-'miles
455 2625 491 2663 ne,
502 2625 596 2670 corpore
606 2611 695 2673 Magni,
741 2622 744 2626 ‘

142 2675 199 2732 Non
209 2675 516 2738 fugeretsuprequnduom
525 2675 680 2734 proeiumberet
691 2677 765 2732 oriris3

530 2753 545 2783 o
