1884 2950
158 150 206 196 190
426 141 563 194 Lucum

156 274 217 325 Esse
226 276 283 324 loeis
295 276 399 339 Superos,
411 282 508 323 testetur
517 275 575 321 silva
584 271 625 337 per‘
635 286 727 321 omnen
819 273 823 282 ’

157 341 211 389 Sola
221 342 297 388 virens
308 340 396 402 Libyen
405 358 413 399 ;
430 354 483 387 narn
493 340 601 401 quidquid
626 340 703 401 uisere
713 340 778 389 siceo-
821 357 826 366 ·

159 406 253 468 Separat
263 406 378 453 ardentem
389 404 464 467 tepidi
475 356 694 467 Berenicidaplaepb',

157 468 253 533 ignom
262 472 369 518 frondees
389 472 451 520 solus
461 482 542 517 nestros
553 470 644 516 abnuit
654 462 781 517 Hammon.
822 516 825 519 Α

158 536 270 583 Silvarum
280 536 332 583 fons
343 550 422 583 caussa
431 537 489 591 looo,
501 535 539 595 qui
548 535 623 596 putria
632 541 701 582 teme

157 600 258 663 Adligat,
270 608 293 647 et
305 602 400 647 domitas
411 598 471 647 undd
481 600 595 646 connectit
602 601 707 645 bruerias.v
775 611 777 616 ·

159 664 198 713 sic
208 680 297 727 quoque
306 666 339 711 nil
349 666 422 713 obstat
433 664 527 718 Phoebo,
539 678 591 710 eum
603 664 694 714 cardine
704 677 796 711 summo

161 730 212 777 stat
222 730 301 777 librata
310 730 369 776 dies:
383 736 488 791 truncum
498 730 539 775 vix
548 729 648 791 protegit
656 729 732 775 arbor:

70 826 74 833 ,
161 794 221 841 Tam
232 795 305 841 brevis
316 795 340 840 in
351 796 449 841 medium
460 794 527 841 radiis
533 794 674 855 compellitur
681 793 767 839 umbre.
776 793 831 840 530

160 858 307 921 Deprensum
320 865 361 914 est,
374 860 434 905 hun'e
446 874 498 905 esse
506 860 587 913 locum,
599 856 643 918 qul
652 855 750 905 eireulur
759 855 801 904 alti

162 921 258 971 Solstitii
269 924 368 969 medium
381 924 497 985 rignum
507 923 604 986 pereutit
614 924 698 969 orbem

162 988 219 1035 Non
231 989 321 1048 obliqua
331 996 416 1043 meant,
428 1004 470 1035 nee
481 988 558 1035 Tauro
569 987 729 1050 Scorpiosexit

161 1049 264 1107 Rectior,
276 1059 314 1100 eut
325 1053 392 1101 Aries
402 1054 471 1100 donat
483 1068 523 1100 sus
532 1060 634 1114 tempora
644 1050 727 1107 Libuoe,

159 1118 209 1165 Aut
220 1118 311 1166 Astraea
317 1119 382 1181 jubet
391 1118 465 1165 lentos
476 1118 611 1165 descendere
621 1115 709 1163 Pisees.

163 1182 209 1230 Par
220 1184 324 1231 Geminis
336 1182 429 1238 Chiron,
442 1190 465 1229 et
475 1183 542 1237 idenr,
553 1182 614 1244 qued
622 1180 732 1230 euenor
738 1176 832 1244 ardens,

163 1246 280 1296 Humidus
291 1248 434 1311 AEgoeeros:
454 1263 496 1295 nee
503 1248 558 1310 plus
568 1246 618 1293 Leo
629 1246 716 1296 tollitur
727 1244 804 1296 Umd·
821 1288 826 1297 .

161 1312 195 1361 At
207 1315 254 1369 tibi,
266 1328 413 1377 quecumque
423 1328 448 1361 es
459 1312 547 1374 Libyco
558 1326 615 1373 gens
626 1311 796 1373 ignediremta,

160 1376 191 1424 In
202 1377 282 1425 Noton
293 1378 371 1425 umbra
380 1378 446 1433 eadit
459 1388 511 1438 quse
521 1378 585 1426 nobis
595 1377 643 1424 exit
653 1377 677 1422 ia
688 1375 787 1426 Arctoa

160 1442 197 1492 Te
208 1444 283 1506 segnis
295 1442 416 1506 Cynosura
426 1442 498 1490 subit:
517 1449 544 1488 tu
554 1443 614 1489 sicea
622 1440 734 1504 profundo
779 1443 833 1490 540

157 1507 240 1571 Mergi
251 1504 350 1570 plauuru
359 1515 433 1572 putas,
444 1507 610 1568 nullumquam
621 1508 706 1553 vertioe
716 1517 808 1569 seraper

161 1573 229 1620 Sidus
240 1574 308 1620 habes
317 1573 410 1620 inmune
419 1571 476 1618 mari
485 1589 492 1618 ι
509 1572 588 1634 procul
598 1573 651 1618 siris
657 1578 753 1633 uterque
762 1579 809 1628 est,

164 1637 199 1686 Et
207 1637 263 1700 iuga
274 1639 390 1700 signorum
402 1637 477 1684 medio
487 1636 545 1699 rapit
554 1637 630 1682 omnia
640 1636 707 1684 ooelo.

197 1702 290 1750 Stabant
303 1709 355 1750 ante
364 1703 425 1750 sores
435 1701 518 1764 populi,
529 1713 586 1762 quoe
597 1701 689 1748 miserat
699 1698 756 1755 Eos,

164 1766 333 1830 Cornigerique
343 1766 409 1816 Jovis
418 1767 506 1813 rnonitu
516 1779 577 1814 nova
586 1765 633 1812 fata
641 1765 759 1828 petebaat3

163 1833 210 1880 Sed
221 1832 289 1880 Latio
301 1829 390 1880 cessere
400 1832 468 1888 duei3
486 1831 624 1891 comitesque
636 1829 749 1878 &torrem

163 1897 244 1954 Orant,
256 1897 358 1961 exploret
368 1896 481 1958 Libycum
491 1904 614 1942 memorata
623 1910 664 1957 per
671 1895 749 1943 orbem

163 1959 273 2018 Numina,
284 1963 313 2010 de
322 1961 383 2009 fami
393 1968 439 2008 tam
450 1961 514 2022 longi
521 1959 608 2023 jrrdioet
618 1961 670 2008 sevi·

162 2027 282 2076 Maximus
292 2029 393 2076 hortator
402 2025 514 2074 scrutandi
525 2034 583 2071 vbee
594 2023 699 2072 Deorum

164 2091 278 2149 Eventus,
290 2092 404 2140 Labienus
414 2097 479 2139 erat·
502 2090 557 2136 Sora
568 2090 654 2145 obtudit,
665 2088 745 2152 mque,
779 2091 833 2138 550

163 2156 199 2206 Et
208 2157 299 2205 fortuna
308 2159 352 2205 viae
361 2164 409 2204 tarn
419 2156 496 2218 magni
508 2155 607 2202 numinis
617 2169 664 2211 ora,

165 2219 337 2284 Consiliumque
348 2221 408 2269 Dei:
428 2227 493 2268 tanto
504 2220 560 2267 duce
569 2231 689 2282 possumus
699 2219 733 2265 uti

143 2334 146 2340 ,
165 2284 212 2332 Per
223 2287 309 2347 Syrtes,
319 2287 416 2349 bellique
426 2286 491 2333 datos
502 2295 724 2347 coguosoere'easus.

164 2347 227 2396 Nam
238 2353 274 2396 eui
285 2352 415 2398 crediderim
427 2349 526 2412 Superos
533 2363 615 2397 aream
624 2349 722 2404 daturos,

165 2412 321 2475 Dicturosque
331 2417 410 2478 magis,
422 2413 490 2476 quim
501 2420 658 2470 sanetofsem,
670 2411 774 2462 Ceionii

168 2473 239 2524 Certe
248 2479 296 2524 vita
305 2481 344 2525 tibi
353 2494 441 2542 semper
451 2479 536 2526 directa
545 2491 653 2540 supernae

167 2538 206 2586 Ad
213 2540 289 2601 leges3
299 2545 441 2606 sequerisque
451 2543 538 2590 Deum·
553 2542 635 2597 Datur,
646 2541 714 2592 eote!
725 2541 836 2605 loquendi

168 2601 229 2650 Cum
239 2603 299 2652 Jove
308 2607 412 2656 libertas:
430 2609 518 2668 inquire
527 2608 552 2653 ln
561 2607 608 2654 isra
617 2607 707 2654 nefandi

171 2665 276 2726 Caesaris,
287 2669 310 2717 'et
320 2673 399 2732 patriae
409 2679 518 2722 venturos
527 2679 609 2722 excute
619 2685 709 2730 moneas
