1884 2950
165 145 196 188 aa
324 140 458 194 aucam
477 105 683 194 ruaasaara

197 267 289 318 Excitet
299 270 381 321 invisas
392 273 446 321 dirae
458 271 600 337 Carthaginis
610 277 699 324 umbras

104 387 108 396 Κ
166 332 255 382 Inieriia
267 335 367 385 Fortuna
377 339 451 386 noris:
470 339 527 386 ierat
537 341 580 386 ista
589 349 695 388 eruenms

167 396 287 455 Hannibal,
299 409 322 447 et
334 401 399 449 Poeni
410 409 456 449 tarn
468 404 610 465 direpiaeula
619 420 703 452 manes.
779 406 828 453 790

166 461 299 520 Romanam,
312 465 397 528 Superi,
409 466 496 528 Libyci
506 469 585 516 tellure
596 470 682 516 ruinam

167 526 275 590 Pompeio
285 531 395 591 prodesse,
406 532 475 586 nefas,
485 533 588 593 votisque
597 534 695 580 senatus

166 591 245 638 Africa
255 609 296 641 nos
306 595 380 656 potina
390 595 465 641 vincat
476 597 524 642 salsi
556 595 625 644 Curio
635 596 697 644 firm
792 612 794 615 ·

168 655 203 704 Ut
212 657 267 704 vrdit
278 659 360 720 cunpis
371 661 435 714 aoies,
446 665 469 706 et
479 675 569 708 nemete
578 669 653 709 unus

169 719 273 768 Permisit
283 723 356 778 clades
367 738 506 785 compressus
516 727 625 787 sangrino
634 726 714 789 navis,

167 784 222 832 Non
234 786 284 832 tulit
294 787 389 834 adflictis
400 789 495 834 animam
505 790 628 850 producere
637 792 708 844 rebus,

168 849 217 910 Ant
227 865 314 912 operare
323 851 411 913 fugam
428 853 550 914 ceciditque
559 855 583 900 in
592 861 669 918 strage
678 869 768 902 suorum

167 911 260 975 lnpiger
271 915 298 960 ad
308 915 383 970 letum,
396 924 419 963 et
428 917 493 964 sortis
502 919 586 965 virtute
595 918 679 966 eoacti.

202 977 263 1032 Quid
274 994 333 1026 nune
344 989 414 1028 rostra
424 983 462 1028 tibi
473 991 568 1044 prosunt
578 985 670 1040 turbata,
680 983 805 1047 sonumque,

169 1040 237 1089 Unde
248 1043 360 1092 tribunitii
369 1047 465 1108 plebeius
476 1046 628 1108 signiferaree
780 1053 831 1096 000

168 1108 241 1154 Anna
251 1109 317 1156 mbas
326 1111 425 1172 populis?
441 1112 495 1172 quid
503 1112 648 1175 proditajnra
658 1113 755 1171 oenatria,

169 1171 202 1219 Et
212 1189 283 1234 gener
293 1181 358 1236 atque
369 1191 431 1222 socer
440 1175 499 1221 bello
507 1191 638 1222 concurrere
644 1178 715 1242 jussi?

169 1237 307 1301 Antejaees,
318 1237 384 1300 quim
395 1241 442 1286 dira
452 1241 520 1286 duces
531 1239 645 1288 Pharsalia
654 1241 747 1297 confmt,

170 1299 363 1365 Spectandumque
373 1305 411 1350 tibi
421 1305 504 1350 bellum
514 1305 579 1351 civile
590 1313 694 1368 negatrnn
705 1315 747 1353 eat.

170 1364 222 1414 Has
234 1367 291 1414 Urbi
301 1370 387 1416 miserae
398 1376 473 1416 vestro
484 1370 512 1416 de
522 1371 630 1432 aangmne
638 1385 717 1432 poenaa

168 1429 239 1479 Ferre
249 1433 315 1480 datis:
333 1435 482 1498 luitisjugulo
493 1435 526 1482 sie
536 1449 598 1481 arma
606 1443 715 1497 potentes.

170 1495 236 1543 Felix
247 1496 322 1545 Roma
331 1500 426 1559 quidem,
438 1501 542 1561 civesque
552 1500 651 1548 habitura
660 1502 744 1556 beatos.

168 1560 195 1607 si
206 1562 311 1609 libertatis
323 1564 413 1626 Superis
424 1570 470 1611 tam
481 1581 535 1611 eura

61 1657 67 1667 r
130 1685 133 1691 1
170 1624 246 1679 Qudm
256 1627 353 1675 vindicta
362 1629 444 1690 placet!
463 1629 567 1690 Lnynn,
584 1630 799 1693 ulnobileootpus

170 1688 247 1738 Pascit
257 1706 315 1745 aveo,
327 1694 388 1739 nullo
399 1700 516 1741 contectus
526 1692 596 1741 Curio
606 1695 678 1740 busto.
781 1698 832 1743 810

170 1754 204 1801 At
214 1755 253 1802 tibi
264 1771 305 1803 nos
317 1758 416 1819 (quando
427 1773 474 1803 non
483 1759 580 1818 proderit
590 1759 632 1803 ista
639 1759 703 1804 silere

170 1819 194 1865 A
205 1820 283 1879 quibus
294 1836 361 1867 omne
371 1822 414 1867 aevi
425 1822 511 1867 senium
522 1836 563 1867 sua
571 1819 631 1867 fauna
641 1821 744 1884 repellit)

171 1882 250 1945 Digna
260 1885 344 1938 damus,
351 1886 449 1947 juvenis,
460 1885 546 1930 meritae
555 1885 667 1945 praeconia
676 1887 738 1933 vitae.

172 1947 242 1995 Haud
252 1949 319 1996 olium
330 1947 392 1995 tanti
401 1948 474 1994 civem
485 1949 536 1994 tulit
546 1948 621 1995 indole
631 1948 713 2004 Βοωι,

170 2014 220 2061 -Aut
231 2015 266 2060 eui
276 2014 326 2077 plus
336 2014 399 2075 leges
410 2013 515 2059 deberent
525 2019 586 2059 reeta
596 2015 705 2073 sequenti.

172 2078 262 2125 Perdita
271 2086 326 2125 tunc
337 2077 394 2125 Urbi
405 2084 529 2124 noeuenrnt
540 2077 619 2130 secula.
631 2085 748 2139 postqum

170 2144 282 2199 Ambitus,
295 2152 318 2190 et
327 2144 400 2197 luxus,
413 2148 435 2188 et
446 2157 514 2203 opum
524 2142 644 2189 metuenda
653 2142 755 2198 facultas,

171 2208 310 2255 Transverso
321 2215 419 2254 mentem
430 2206 517 2253 dubiam
527 2213 627 2253 torrente
637 2208 735 2255 tulerunt
741 2223 750 2265 ;
813 2225 817 2233 ·

171 2272 359 2333 Momentumque
367 2272 416 2326 fuit,
428 2280 527 2319 mutatus
539 2269 616 2326 Curio,
627 2288 708 2328 rerum,

172 2337 289 2384 Gallorum
301 2344 379 2399 eaptus
389 2336 471 2399 spoliis,
484 2342 507 2383 et
519 2335 616 2385 caesana
627 2352 688 2384 auro.
783 2339 833 2385 820

170 2400 214 2449 Jua
224 2400 277 2447 lieet
286 2402 309 2447 in
316 2401 410 2465 Juguloa
420 2400 491 2447 nostri
502 2401 542 2447 sibi
551 2399 629 2448 {merit
639 2402 698 2449 ensis

172 2464 234 2511 Sulla
244 2472 329 2526 potens,
341 2465 473 2526 Mariusque
482 2464 553 2520 ferox,
564 2472 588 2511 et
599 2463 674 2513 cinna
683 2472 795 2520 mentua,

173 2526 326 2590 Caeaareaaque
335 2529 415 2577 dornils
427 2530 501 2585 series,
517 2531 626 2577 euitanta
635 2538 734 2591 potestas

172 2591 286 2645 &messa
296 2602 341 2642 eat:
360 2592 436 2643 emdre
442 2609 531 2653 omnes,
541 2594 578 2641 hie
587 2594 688 2642 venffidit
698 2594 791 2642 Urltem¹
