1884 2950
157 145 189 190 ss
415 133 550 192 Lucam

157 269 187 316 In
197 283 296 334 pugnam
305 268 397 334 fregere
407 279 479 320 rates:
498 272 593 320 sidentia
601 274 692 334 pessum
781 255 790 305 ν*
814 327 817 334 ,

157 333 259 398 Corpora
269 351 328 384 caesa
338 345 422 392 tenent,
434 339 574 400 spoliantque
583 338 690 384 cadavera
700 335 767 384 ferro

155 399 238 456 Multa·
249 403 328 464 inopes
338 403 384 457 teli,
390 404 492 465 jaculum
503 403 568 450 letale
578 403 691 449 revulsum

157 463 287 514 Visceribus
299 465 387 515 traxdre
397 469 450 522 suis,
468 477 491 515 et
502 469 595 514 vulnera
605 466 663 514 laevi

155 527 293 592 obpressere
303 545 377 587 manu,
390 534 477 580 validos
487 534 540 580 dum
551 534 648 594 praebeat
658 533 717 578 ictus

156 595 261 657 Sanguis,
273 605 296 644 et
306 599 409 644 hostilem
420 613 472 644 cum
483 600 579 653 torserit
591 605 662 651 meat
673 598 777 643 basiam(

188 659 259 708 Nulla
269 669 343 709 tamen
354 663 428 724 plures
439 664 483 710 hoc
493 664 561 710 edidit
572 678 662 723 aequore
673 661 753 714 clades,
770 663 820 706 680

155 723 232 780 Quam
242 727 322 789 pelago
333 729 420 776 diversa
430 729 492 775 lues:
512 743 563 774 narn
574 728 694 790 pinguibus
704 726 764 788 ignis

155 789 252 838 Adfixus
263 793 333 846 taedis,
346 799 369 838 et
379 801 440 840 tecto
452 793 540 841 sulfure
550 794 618 839 vivax
642 789 647 800 '

155 854 286 918 Spargitur:
306 863 329 904 at
339 857 415 904 faciles
424 859 524 920 piaebere
534 858 638 903 alimenta
648 856 736 910 carina,

155 918 226 966 Nunc
237 922 293 982 pice,
310 937 370 968 nnnc
380 921 464 982 liquida
474 920 567 984 rapuere
577 922 681 968 incendia
691 918 749 966 ceri,

155 982 208 1032 Nec
219 985 319 1032 llmnmas
330 994 435 1048 superant
445 988 523 1044 undae3
539 986 665 1048 sparsisque
674 998 714 1046 per
725 997 802 1044 sequor

154 1048 208 1097 Jasn
219 1051 307 1106 ratibus,
319 1051 445 1113 fragmenta
454 1052 515 1098 lema
527 1052 567 1097 sibi
578 1051 675 1097 vindicat
686 1051 753 1111 ignis.

155 1113 203 1161 Hic
214 1117 292 1177 recipit
302 1115 389 1172 fluctus,
401 1118 530 1180 exstinguat
540 1123 566 1163 ut
576 1131 667 1176 aequore
676 1114 791 1160 llmnmas:

155 1177 197 1234 Hi,
209 1194 238 1226 ne
248 1188 384 1243 mergantur,
396 1181 477 1228 tabulis
486 1182 613 1228 ardentibus
623 1182 717 1227 baerent.

155 1243 223 1292 Mille
233 1247 312 1294 modos
323 1248 380 1293 inter
391 1246 436 1300 leti,
448 1261 509 1292 mors
520 1261 565 1293 una
575 1247 649 1292 timori
660 1251 702 1295 est.

157 1307 211 1364 Qua
221 1307 385 1372 coepdre'mori.
419 1311 470 1357 Nec
481 1318 553 1357 cessat
562 1309 671 1371 namugo
680 1310 758 1355 virtus
769 1305 823 1355 690

155 1372 213 1421 Tela
222 1375 301 1436 legunt
312 1377 397 1438 dejecta
408 1378 469 1430 maii,
487 1377 614 1436 ratibusque
621 1375 764 1429 ministrant;

157 1437 302 1501 Incertasque
313 1455 399 1496 manus,
410 1442 456 1487 ictu
466 1442 595 1503 languente,
606 1455 646 1503 per
655 1440 727 1486 undas

155 1502 284 1567 Exercent:
304 1521 370 1561 nunc,
382 1522 431 1553 rara
441 1508 506 1553 datur
517 1508 534 1553 sl
547 1507 610 1567 copia
619 1506 679 1559 terri,

157 1568 260 1616 Utuntur
271 1571 364 1633 pelago:
384 1586 459 1617 saeuus
469 1571 624 1632 complectitur
633 1571 722 1616 bostem

156 1627 246 1699 Hostis
256 1642 281 1681 et
291 1636 396 1697 inplicitis
407 1637 506 1699 gaudent
517 1636 630 1682 subsidere
640 1633 752 1693 membris,

151 1697 336 1761 'Mergentesque
346 1702 412 1749 mori.
445 1699 529 1763 Pugnis
537 1698 581 1746 fuit
590 1715 649 1746 unns
660 1701 683 1745 in
694 1698 733 1745 illu

155 1761 261 1810 Eximius
274 1764 383 1820 Phoceus,
395 1766 491 1813 animam
503 1780 592 1816 servate
602 1765 726 1818 subaudis,

155 1827 299 1890 Scrutarique
308 1831 397 1885 fretum,
410 1832 429 1877 si
439 1831 493 1891 quid
499 1828 617 1877 'merdsset
626 1830 722 1882 harenis,
760 1842 767 1853 ·

155 1890 189 1939 Et
200 1895 266 1940 nimis
277 1895 362 1942 adfixos
374 1896 425 1941 unci
436 1896 562 1942 concedere
571 1910 666 1947 morsus,

155 1956 285 2014 Adductum
297 1961 384 2021 quoties
396 1974 441 2006 non
453 1967 551 2007 senserat
562 1975 643 2007 ancora
652 1958 738 2004 funos.
772 1956 822 2003 700

155 2020 211 2077 Hic,
224 2024 260 2071 ubi
271 2040 424 2087 compressum
435 2026 525 2086 penitus
535 2025 656 2070 deduxerat
666 2024 762 2076 bostem,

155 2084 237 2134 Victor
247 2096 270 2135 et
281 2091 399 2136 incolumis
410 2104 509 2135 summas
519 2091 630 2135 sonabat
640 2090 664 2135 in
675 2088 760 2143 undas3

156 2150 208 2208 Sed,
221 2170 244 2200 se
255 2169 294 2215 per
305 2170 389 2202 vacuos
400 2155 470 2200 credit
481 2155 535 2201 dum
545 2168 639 2216 surgere
649 2153 739 2205 fluctus,

155 2216 270 2279 Puppibus
282 2220 384 2275 occurrit,
396 2220 532 2279 tandemque
541 2220 583 2265 sub
594 2232 685 2280 aequore
695 2218 791 2276 manslt3

155 2280 190 2329 Hi
202 2298 267 2344 super
278 2285 370 2332 bostiles
375 2286 481 2348 jecerunt
490 2283 579 2330 brachia
590 2299 670 2338 remos,

153 2345 189 2396 Et
199 2349 279 2394 ratium
290 2346 385 2396 tenuere
394 2349 480 2411 fugam.
507 2348 563 2395 Non
572 2349 665 2410 perdeoe
674 2348 746 2394 letum

154 2410 260 2459 Maxima
271 2428 324 2460 cura
334 2415 391 2471 tirit3
409 2415 493 2461 multus
504 2428 545 2460 sua
554 2414 648 2460 vulnera
657 2413 726 2475 puppi

155 2474 244 2523 Adfixit
254 2479 358 2533 moriens,
370 2486 393 2525 et
404 2480 483 2525 rostris
493 2478 584 2525 abstulit
594 2479 658 2524 ictus.

187 2541 290 2588 Stantem
300 2544 388 2589 sublimi
400 2540 545 2605 Tyrrhenum
556 2544 654 2589 culmine
664 2555 739 2604 prorae

156 2602 290 2667 Lygdamus
300 2607 401 2662 excussa,
414 2606 515 2655 Balearis
525 2614 599 2655 tortor
609 2609 708 2660 babenae.
773 2606 825 2651 710

156 2670 245 2719 Glande
255 2679 340 2735 petens,
352 2674 424 2721 solido
434 2673 570 2736 fregissem
579 2678 682 2736 oemposu
691 2670 789 2736 pambo.

933 2673 935 2760 l

932 2827 934 2916 l
