1884 2950
262 142 473 193 nnlnssmn:
489 142 620 192 nave.
720 147 765 191 ιιτ
794 116 798 125 ’

101 272 223 335 Verbaque
233 274 261 323 sd
271 275 367 323 invitum
378 274 461 337 perfert
472 274 577 336 cogentia
586 288 679 329 numen,

102 338 173 393 Quod
183 354 229 389 non
240 354 294 385 eura
304 340 349 401 poli
361 340 456 399 eoelique
467 339 570 385 volubilis
577 353 684 400 nmquam

102 403 200 459 Avocet.
233 402 356 451 Infandum
367 404 443 465 tetigit
453 419 505 449 cnm
516 404 590 453 sidera
599 418 708 457 murmur,

101 466 175 523 Tunc,
183 468 288 528 Babylon
301 465 385 515 Persea
395 468 454 522 licet,
465 475 596 527 secreteque
605 468 723 530 Memphis

101 530 177 579 Omne
188 540 328 583 vetustorum
340 533 413 579 solvat
422 532 537 593 penetrale
548 532 679 594 Magorum,
715 532 768 578 450

101 596 201 644 Abducit
211 606 303 658 s'uperos
314 598 392 645 alienis
402 596 517 644 Thessalis
527 598 579 643 sris.

105 690 111 707 ·.
134 660 242 711 Carmine
253 662 410 709 Thessalidum
422 662 478 708 dura
487 663 511 708 in
520 660 645 722 praecordia
654 658 728 716 fluxit,

101 724 158 773 Non
168 726 221 773 fetis
232 726 347 781 adductus,
359 742 437 784 amor;
454 726 595 787 flammisque
605 726 678 773 severi

101 788 198 841 Inlieitis
209 788 284 837 arsere
295 806 370 839 senes:
390 806 431 837 nec
443 792 512 837 noxia
521 797 609 849 tantum

102 853 189 901 Pocula
199 854 325 917 proficiunt,
337 863 376 902 aut
386 872 438 903 cum
449 856 564 917 turgentia
574 870 629 903 suco

101 918 195 966 Frontis
206 927 314 967 amaturae
325 920 450 967 subducunt
460 920 556 981 pignora
565 918 635 965 foetae„

101 984 178 1039 Mens,
190 984 265 1031 hausti
276 983 338 1031 nulli
348 985 410 1031 sanie
420 984 507 1047 polluta
516 984 604 1037 veneni,

101 1047 231 1095 Excantata
241 1050 314 1110 perit:
333 1064 389 1109 quos
401 1064 446 1095 non
458 1048 577 1095 concordie
586 1048 652 1093 mixti

104 1112 201 1175 Adligat
211 1113 258 1162 ulla
267 1114 318 1167 tori,
329 1114 460 1173 blandaeque
469 1113 572 1174 potentia
580 1111 668 1168 formae,

100 1174 232 1227 Traxerunt
242 1179 295 1224 torti
306 1175 394 1239 magici
405 1178 516 1239 vertigine
525 1176 565 1223 fili.
714 1178 765 1224 460

101 1238 229 1290 cessavere
239 1242 301 1289 vices
311 1258 400 1299 rerum;
418 1242 530 1301 dilataque
539 1238 610 1301 longi

101 1304 180 1355 Hem
191 1314 258 1355 nocte
268 1307 330 1353 dies:
349 1307 395 1367 legi
406 1322 452 1353 non
458 1306 532 1367 paruit
542 1306 619 1351 aether.

100 1369 199 1433 Torpuit
210 1378 233 1421 et
244 1386 350 1433 praeceps,
362 1372 437 1418 audito
449 1370 554 1424 camnine,
565 1367 677 1423 mundus;

101 1435 191 1483 Axibus
198 1442 221 1482 et
232 1436 314 1498 rapidis
319 1435 419 1497 inpulsos
430 1434 520 1497 Jupiter
530 1448 630 1496 urguens

100 1499 207 1556 Miretur,
220 1515 267 1550 non
278 1501 310 1546 ire
320 1501 396 1562 polos;
414 1516 474 1546 nuno
486 1500 561 1547 omnia
571 1497 685 1559 complent

101 1563 221 1621 Imbribus
233 1572 256 1614 et
267 1565 339 1612 calido
349 1566 482 1626 praeduount
492 1563 568 1610 nubila
579 1561 682 1620 Phoebo;

100 1628 135 1677 Et
145 1637 210 1676 tonat
220 1631 301 1692 ignaro
312 1630 394 1676 coelum
404 1627 471 1678 Jove.
505 1627 606 1677 Vocibus
615 1627 687 1674 isdem

100 1693 232 1742 Humentes
242 1695 287 1742 lnte
298 1695 395 1749 nebulas,
407 1695 538 1754 nimbosque
549 1693 628 1740 solutis

99 1756 232 1809 Excussere
243 1759 322 1812 cornis:
343 1761 417 1806 ventis
428 1759 572 1813 cessantdtus,
584 1773 662 1818 sequor

99 1821 225 1872 Intumuit:
246 1838 322 1873 rursus
333 1824 427 1870 vetitum
437 1823 641 1884 ,sentireprocellas
713 1822 764 1868 470

100 1886 225 1942 Conticuit,
237 1889 340 1934 turbante
348 1887 426 1946 Noto;
444 1889 580 1949 puppimque
590 1885 688 1933 ferentes

99 1951 235 2004 Inventum
247 1949 350 2002 tumuere
362 1954 436 2000 sinus:
457 1953 485 1998 de
496 1967 551 2013 rupe
561 1951 669 2012 pependit

99 2015 209 2065 Abscisst
218 2017 277 2068 fixus
288 2025 375 2066 torrens
381 2034 389 2075 ;
407 2017 524 2079 amnisque
534 2015 639 2070 cucurrit,

97 2081 162 2138 Non,
174 2080 218 2142 qui
228 2097 312 2144 pronus
319 2089 373 2129 eret.
406 2081 487 2127 Nilum
498 2095 544 2127 non
555 2079 636 2126 exurlit
647 2085 727 2125 aestes:

98 2146 220 2194 Maeander
231 2147 312 2193 direxit
324 2161 406 2206 aqnss;
424 2145 605 2204 Rhodanumque
615 2149 740 2190 morantem

98 2209 255 2272 Praecipitavit
267 2211 340 2260 Arar:
359 2211 470 2258 submisso
482 2212 568 2256 vertice
578 2215 667 2255 montes

96 2271 238 2338 Explicudre
244 2277 340 2337 jugum:
361 2276 430 2324 nubes
441 2275 542 2336 suspexit
553 2271 680 2333 Olympus;

99 2341 189 2388 Solibus
201 2347 224 2386 et
235 2341 302 2392 nullis
314 2339 434 2400 Scytbicae,
446 2355 497 2386 cum
508 2339 587 2384 bruma
597 2336 687 2397 rigeret,

97 2401 240 2452 Dimaduere
249 2406 325 2452 nives:
345 2405 456 2466 inpulsam
468 2404 541 2451 sidere
550 2401 644 2461 Tethyn

97 2469 194 2532 Repulit
205 2469 374 2523 Haemonidum,
386 2469 480 2515 defenso
489 2468 562 2520 litore,
573 2479 671 2511 carmen.
713 2467 764 2510 480

97 2533 170 2581 Terra
181 2549 270 2596 quoqne
280 2535 360 2582 inmoti
369 2533 484 2580 concussit
494 2531 600 2593 ponderis
610 2543 682 2583 exem,

97 2598 133 2650 Et
141 2599 248 2654 medium,
260 2613 358 2660 vergens
370 2598 438 2651 nisus,
451 2597 556 2642 titubavit
566 2595 590 2640 in
602 2594 687 2642 orbem.

98 2661 182 2714 Tantae
193 2664 259 2714 rnolis
269 2678 334 2719 onus,
346 2675 478 2728 percussum
487 2675 552 2716 voce,
564 2657 665 2714 recessit,
