1884 2950
58 130 62 139 ‚
160 125 194 174 rs
347 151 382 182 Ι,
423 106 602 158 ωοΑΝι·

163 248 281 302 Clauditur
292 241 391 292 extremi
396 241 500 288 residens
512 239 626 285 Antonius
636 236 683 294 ort,

163 315 251 366 Cautus
261 313 289 360 ab
298 313 389 356 incursu
399 306 456 358 belli,
469 306 488 352 si
499 304 548 350 sols
557 304 651 359 recedat,

160 381 286 443 Expugnat
296 390 347 436 quae
357 379 412 424 tuta,
423 371 501 416 fames.
532 364 753 429 Nonpsbulntellus
776 373 837 418 410⁷

163 443 285 494 Pascendis
296 438 406 488 submittit
416 436 485 494 equis,
497 448 543 479 non
553 433 648 494 proserit
658 433 727 481 ullam

160 511 233 561 Flava
244 507 315 558 Ceses
325 508 439 564 segetem:
459 498 566 560 spoliabat
575 498 678 558 gramine
687 512 793 561 eampum
811 493 815 497 ’

160 577 238 629 Miles,
250 580 279 627 et,
291 570 385 618 adtonso
395 563 483 611 miseris
489 564 539 625 jam
550 562 653 608 dentibus
663 577 725 618 arvo,
748 579 752 586 ·

161 641 294 692 Castrorum
305 635 374 680 siccas
386 631 413 676 de
424 628 508 690 cespite
518 627 617 673 vulserat
626 627 714 674 herbas,

160 707 197 755 Ut
207 699 303 768 primdm
314 699 415 744 adversae
424 693 498 740 socios
506 692 606 738 inlitore
615 699 689 746 terrae,

161 772 195 820 Et
206 768 307 816 Basilum
318 759 394 809 videre
406 760 484 806 ducem
492 767 503 813 ς·
515 770 576 803 nova
584 755 645 802 furta
654 772 694 818 per
705 771 782 818 aeqnor

162 833 283 896 Exquisita
291 829 368 890 fugae3
379 823 521 886 nequeenim
532 821 560 867 de
570 835 634 867 more
642 822 729 869 carinas

159 898 302 950 Extendunt
313 905 441 956 puppesque
450 889 540 943 levant;
555 886 594 932 sed
604 885 668 932 firma
677 887 783 948 gerundi.

161 963 263 1014 Molibus
273 959 363 1006 insolito
374 958 497 1002 contexunt
508 952 587 998 robore
597 951 672 998 ductu

159 1030 266 1089 Nmrrque
277 1031 346 1071 ratem
357 1035 435 1067 vaeuae
445 1022 572 1063 sustentant
581 1016 678 1076 undique
689 1031 762 1080 cupa,
776 1019 829 1064 420

162 1097 265 1151 Quarum
276 1087 383 1152 porrectis
395 1084 462 1131 series
474 1081 691 1142 constrictaeatenis

97 1215 100 1224 ¹
162 1158 284 1210 Ordinibus
295 1151 390 1216 geminis
401 1147 500 1208 obliquas
510 1146 592 1206 excipit
602 1145 675 1192 alnos.
766 1173 769 1181 ι

162 1225 214 1273 Nec
225 1221 285 1284 gerit
295 1216 420 1278 expositum
431 1212 481 1258 telis
492 1212 516 1256 in
525 1209 600 1256 fronte
609 1211 696 1271 patenti
867 1192 873 1202 ’

162 1288 308 1348 Remigium
326 1281 371 1333 sed,
382 1277 441 1339 quod
452 1276 548 1322 trabibus
558 1275 703 1322 circumdedit
712 1288 797 1336 sequor,
820 1275 824 1282 '

163 1354 218 1402 Hoc
228 1351 285 1404 ferit,
297 1355 320 1394 et
330 1344 391 1392 taciti
401 1343 486 1405 praebet
495 1339 600 1386 muscula
610 1339 695 1395 cursds,

162 1417 233 1475 Quod
238 1428 284 1463 'nec
294 1412 345 1459 vels
353 1409 415 1461 ferat,
428 1422 469 1452 nec
480 1412 566 1466 apertas
576 1405 678 1451 verberet
687 1403 768 1451 undu.

162 1486 229 1532 Tune
238 1480 296 1527 freta
306 1482 427 1529 seruentur,
440 1473 493 1519 dum
504 1486 528 1517 se
538 1470 658 1516 declivibus
668 1470 733 1517 undis

160 1550 243 1615 AEptus
254 1551 312 1607 agat,
324 1540 436 1599 refluoque
447 1536 502 1583 mari
513 1535 624 1583 nudentur
631 1536 728 1583 barenae.

160 1615 257 1673 Jamque
267 1604 372 1655 relabenti
383 1603 510 1649 crescebant
519 1600 584 1648 litora
592 1607 678 1661 ponto;

159 1678 236 1728 Missa
245 1675 299 1721 ratis
308 1685 379 1734 prono
390 1666 487 1713 defertu
497 1665 558 1727 lapsa
566 1663 684 1726 mutuando,
774 1645 841 1711 430=

75 1752 77 1759 ’
162 1744 196 1793 Et
206 1740 303 1804 gemine
314 1736 420 1789 comitem
437 1737 529 1778 cunetas
538 1745 605 1791 super
615 1729 684 1777 ardua
693 1729 760 1778 turris

160 1800 261 1858 Eminet,
273 1811 296 1851 et
306 1798 405 1847 tremulis
416 1796 513 1843 tabulata
523 1794 630 1842 minantia
639 1792 721 1857 pinnis.

161 1873 244 1923 Noluit
254 1867 354 1929 Illyricae
364 1870 439 1909 eustos
450 1860 559 1909 Octavius
569 1859 637 1906 undae

162 1936 289 1989 Confestim
299 1937 385 1978 tentare
395 1933 472 1981 ratem,
484 1926 609 1985 celeresque
619 1922 706 1971 oarinss

124 2043 145 2061 ,
162 1999 287 2054 continuit,
299 2010 364 2043 cursu
375 1998 460 2039 creseat
471 1991 523 2037 dum
534 1990 610 2051 praeda
619 1988 742 2045 secundo;¹
795 2024 800 2031 .

161 2066 195 2117 Et
205 2075 290 2114 temere
299 2062 412 2123 ingressos
423 2056 567 2118 repetendum
578 2053 658 2101 inritet
668 2053 696 2099 sd
706 2067 784 2113 aequor

162 2134 223 2182 Psce
233 2129 307 2177 maris.
340 2125 383 2178 Sin,
396 2122 448 2168 dum
458 2120 551 2182 pavidos
560 2117 679 2165 formidine
687 2132 768 2165 ceros

162 2197 259 2249 Claudat
270 2193 367 2241 odoratae
378 2193 503 2236 metuentes
513 2184 565 2232 s‘e'ra
572 2198 667 2245 pennse3

161 2266 218 2316 Aut.
230 2261 282 2307 dum
295 2253 406 2317 dispositis
416 2250 508 2299 adtollat
517 2248 573 2297 retia
583 2248 643 2295 raris
817 2282 829 2292 .

162 2328 275 2379 veneten·
283 2328 345 2368 tenet
356 2333 395 2365 orn
405 2316 460 2363 levis
472 2316 571 2361 ehmosa
583 2312 695 2368 Molossi;
776 2313 828 2358 tto

105 2430 107 2437 ,
161 2392 284 2455 spartanos
295 2384 418 2442 Cretasque
428 2380 499 2442 ligate
523 2393 565 2425 nee
576 2377 671 2424 creditur
680 2375 721 2422 ulli

162 2457 225 2505 Silva
236 2451 293 2505 osni,
303 2450 350 2496 nisi
357 2448 395 2509 qui
405 2450 482 2507 presso
492 2442 588 2504 vestigia
599 2448 671 2488 rostro

162 2518 265 2579 colligit,
274 2511 383 2577 etpraedd
393 2510 464 2557 nescit
471 2509 551 2555 latrare
561 2504 654 2567 reperti,

160 2584 290 2635 Contentus
301 2576 396 2625 tremulo
407 2571 542 2621 nmnstrrisse
553 2572 633 2617 cubilia
642 2570 698 2615 loro.

160 2650 212 2699 Neo
224 2660 301 2694 mors:
315 2639 542 2703 complenturmoles,
554 2633 661 2697 aridique
671 2632 752 2695 petitis.
806 2676 810 2683 ,
826 2649 831 2667 ¹
