1884 2950
167 135 200 186 46
345 133 347 158 ³
429 91 567 189 leCan
665 127 667 131 ’

168 260 221 315 Has
232 267 261 315 sd
270 234 329 316 liells
336 263 396 316 rates
406 279 453 316 non
464 269 526 316 lieno
535 245 608 318 insite
617 270 689 333 ponti,
763 284 767 288 “
788 243 796 254 x
823 276 826 285 “

169 331 260 380 Certior
270 334 329 380 haud
343 334 394 380 ullis
401 335 470 381 'duxit
481 333 604 396 Cynosura
613 337 702 384 maiam.

167 396 290 445 'Phoenices
305 400 377 460 primi,
388 398 461 446 iemae
473 401 492 446 si
502 401 606 456 creditur,
623 402 672 448 ausi
733 415 736 419 “
785 404 834 450 220

168 461 302 513 Mansuram
313 464 403 510 rudibus
413 479 493 511 vocem
505 466 595 527 signare
604 465 691 528 liguris.

166 527 277 575 Nondum
288 527 405 579 flumineae
417 527 533 592 Memphis
544 537 666 577 contexere
674 529 746 577 hriolos

166 591 286 650 Noverst3
304 600 326 640 et
337 595 397 642 saxis
408 601 502 649 tantum,
513 593 661 656 volucresque
670 594 777 656 ferreque,

167 657 304 719 Sculptaque
316 661 434 706 servabant
444 660 546 722 magicas
556 660 660 707 mimalia
669 661 767 722 linguas.

167 721 289 770 Deseritur
298 723 412 785 Taurique
423 739 509 780 nemus,
527 723 654 786 Perseaque
664 723 757 780 Tarsos,

169 787 336 849 Coryciumque
346 797 425 849 patens
436 791 510 836 exesis
520 791 611 852 rupibus
622 795 718 844 antrum,

167 853 260 907 Mallos,
277 859 300 899 et
311 860 418 901 extremae
429 861 537 901 resonant
546 855 662 902 narthhss
673 854 750 918 AEgoe,

167 915 235 978 Itque
247 911 309 966 Cilix
314 917 376 980 justi
381 921 431 981 jam
442 934 489 966 non
499 921 571 982 pirate
581 917 663 966 carini.

167 981 246 1028 Movit
256 989 279 1028 et
290 981 353 1029 Eoos
363 984 472 1032 bellorum
482 983 543 1030 fama
552 990 660 1039 recessus,

169 1045 223 1102 Qus
233 1047 313 1093 colitur
325 1048 426 1110 Ganges,
443 1055 493 1095 toto
503 1049 541 1110 qui
552 1049 613 1096 solus
624 1050 648 1095 in
658 1049 713 1098 orbe
784 1053 835 1096 280
863 1095 866 1098 ,

168 1111 234 1158 Ostia
244 1113 345 1159 nascenti
356 1114 468 1160 contraria
478 1114 566 1160 solvere
577 1112 665 1160 Phoebo

168 1176 251 1232 Audet,
269 1184 292 1222 et
303 1178 420 1224 adversum
431 1177 514 1224 fluctu
524 1179 611 1239 inpellit
620 1179 645 1224 in
655 1177 758 1226 Eurum:

169 1241 225 1296 Hie,
243 1243 279 1288 ubi
292 1240 389 1290 Pellaeus
399 1250 451 1304 post
461 1241 566 1304 Tethyos
577 1256 668 1304 aequora
678 1245 759 1290 ductor

170 1304 285 1362 Constitit,
302 1313 325 1352 et
335 1323 419 1370 magno
429 1308 490 1354 vinci
501 1320 526 1353 se
535 1307 609 1354 fassus
619 1309 646 1354 ab
657 1309 711 1353 orbe
720 1314 764 1354 est

169 1369 273 1432 Quique,
289 1370 364 1418 ferens
375 1373 476 1436 rapidum
487 1373 558 1418 diviso
569 1373 660 1434 gurgite
670 1372 765 1427 fmrtem,

169 1435 248 1484 Vastis
259 1433 330 1484 Indus
341 1438 404 1499 aquis
415 1437 511 1484 mixtum
522 1452 568 1484 non
579 1439 647 1484 sentit
658 1436 803 1499 Hydaspem
831 1432 833 1437 ’

170 1502 262 1563 Quique
272 1502 350 1549 bibunt
361 1501 438 1549 tenerd
449 1502 526 1549 drrlces
537 1504 565 1549 ab
575 1503 684 1549 arundine
694 1518 770 1559 sucos,

170 1562 204 1615 Et
213 1568 258 1627 qui,
270 1568 400 1629 tinguentes
411 1584 492 1615 croceo
502 1568 650 1615 medicamine
659 1570 752 1624 crinem

169 1631 243 1679 Fluxa
254 1632 358 1679 coloratis
369 1634 513 1695 adstringunt
523 1633 614 1681 carbasa
623 1634 726 1695 gernmls.

169 1696 261 1757 Quique
272 1712 322 1743 suas
334 1696 437 1745 struxere
446 1712 522 1761 pyras,
538 1699 629 1759 vivique
639 1698 738 1744 calentes
786 1700 838 1745 240

171 1759 331 1811 Conscendere
342 1778 417 1825 rogos.
436 1761 493 1812 Prd!
512 1770 596 1825 quanta
606 1769 641 1809 est
650 1763 724 1826 gloria
731 1763 803 1825 genti,

170 1824 279 1889 Iujecisse
289 1843 380 1875 manum
390 1828 449 1883 fatis,
461 1826 553 1889 sitique
563 1828 667 1889 repletos,

172 1890 241 1945 Quod
247 1900 358 1954 superest,
375 1891 471 1941 dondsse
483 1892 555 1940 Delsl
573 1888 666 1939 Venere
675 1892 764 1939 feroces

171 1953 323 2019 Cappadoces,
340 1958 389 2004 duri
399 1958 497 2021 populus
507 1972 553 2003 uon
564 1958 636 2003 cultor
647 1958 738 2011 Amani,

170 2020 337 2083 Armeniusque
347 2028 427 2068 tenens
437 2023 567 2068 volventem
576 2036 631 2068 saxa
641 2021 768 2083 Niphatenr

170 2085 268 2133 AEthera
278 2093 397 2148 tangentes
409 2087 477 2133 silves
487 2083 573 2146 liquere
585 2084 699 2134 Choatrae.

169 2149 280 2213 Ignotum
292 2152 360 2207 robis,
378 2151 472 2207 Arabes,
490 2152 584 2197 venistis
593 2152 617 2196 in
629 2153 712 2205 orbem,

171 2210 271 2263 Umbras
282 2217 355 2263 mirati
366 2230 484 2263 nemorum
496 2230 542 2262 non
551 2216 586 2261 ire
597 2216 705 2262 sinistras.

170 2279 238 2327 Tunc
248 2280 310 2328 furor
320 2288 433 2329 extremos
444 2281 517 2327 morit
531 2280 650 2327 Romanus
661 2280 762 2333 Orestes,

173 2342 343 2407 Cannanosque
351 2344 540 2407 ducen'quomm,
548 2346 596 2408 jam
604 2344 678 2391 flexus
685 2347 709 2391 in
718 2343 837 2399 Ausinius,

172 2408 256 2457 AEther
267 2425 313 2456 non
324 2418 395 2458 totam
406 2412 479 2472 mergi
490 2414 568 2457 tamen
577 2410 670 2471 adspicit
681 2409 777 2456 Arcton.
790 2411 836 2456 251

175 2472 249 2520 Lucet
259 2481 283 2520 et
290 2475 373 2537 exiguis
383 2476 451 2522 velox
462 2476 491 2521 ibi
503 2482 570 2521 nocte
580 2474 680 2521 Boiites:

173 2538 352 2599 AEthiopumque
368 2540 447 2595 solum,
464 2541 525 2600 quod
535 2554 581 2587 non
591 2545 731 2600 premeretur
740 2539 769 2585 ab
778 2532 826 2585 nul

174 2602 282 2663 Signiferi
293 2605 385 2665 regione
396 2605 449 2666 poli,
466 2606 510 2651 nisi
520 2604 605 2666 poplite
614 2604 679 2665 lapso

176 2666 264 2717 mnne
273 2670 361 2717 curvati
370 2670 503 2734 procederet
512 2669 599 2733 ungula
608 2667 693 2717 Tauris
