1884 2950
284 135 336 185 AD
352 134 533 188 Lucetium
544 135 632 186 Lat
745 142 795 186 223

123 271 160 319 Et
170 269 258 316 dextre
267 267 365 330 fideique
375 267 449 316 datae:
463 282 525 316 nova
535 267 593 316 bella
603 269 701 331 putabet,

124 335 235 389 Consiliis
245 336 321 396 pruris
330 341 355 381 et
364 350 405 396 spe
415 335 507 380 delusus
517 334 585 388 inani,

124 400 202 462 Inque
212 416 276 448 saum
286 399 396 446 acceleret
406 399 548 461 properantia
557 398 604 447 fata
615 399 715 457 ruinam

126 465 162 514 Et
172 480 203 512 ne
213 464 316 512 subsidiis
327 471 458 512 accrescunt
468 471 541 510 castra
551 464 644 511 marinis

127 528 242 584 Cesarea,
253 530 385 576 instructam
396 530 494 590 disponit
504 529 529 574 in
540 544 631 589 aequora
641 529 744 586 classem,

127 593 183 650 Qua
192 595 249 642 levis
259 594 366 656 AEgypto
377 594 518 640 disterminat
528 593 587 640 undu
599 592 727 656 Canopum.
762 615 765 620 ·

126 659 249 722 Inceptum
259 661 308 706 visa
318 669 355 706 eet
363 659 460 721 primum
476 657 578 706 Fortuna
582 660 673 721 juvare.

126 724 213 772 Incidit
222 726 246 771 in
257 725 353 773 eleatem
363 726 421 770 banc
431 723 499 770 sociis
510 723 581 770 divisa
591 724 673 770 carinis
828 777 834 792 Ι

128 788 229 839 cesaris
241 805 287 837 una
297 791 357 843 ratis,
369 803 420 850 quae
430 787 513 835 fortem
524 785 673 851 Euphrmorn
685 791 761 838 rexit:

128 855 200 902 Hunc
210 855 273 902 omni
283 853 373 902 Pburiae
383 868 470 916 puppes
480 853 576 900 statione
587 854 668 900 solutae

129 919 290 970 Circumeuntz
308 920 374 982 periit
385 919 485 965 numeria
495 934 601 980 oppressa
610 920 715 968 triremis.

162 984 252 1046 Regius
262 986 349 1032 interea
357 999 398 1046 per
409 981 503 1030 Deltam
514 984 626 1030 exercitus
637 985 684 1036 ibat

128 1047 262 1104 Terrestris,
273 1050 399 1110 multusque
409 1047 447 1096 vit
456 1049 584 1095 muniverat
591 1064 661 1096 arces.

128 1114 184 1164 Jam
195 1115 248 1162 belli
257 1115 341 1162 molem
351 1113 501 1175 pulcherrime
512 1111 583 1160 Delta
593 1115 690 1170 tenebat,

130 1179 205 1227 Delta
214 1179 347 1241 [Egyptiaci
355 1179 425 1226 decus
434 1187 502 1239 atque
513 1178 626 1240 opulentia
636 1181 714 1242 regni;

131 1244 179 1292 Per
190 1246 255 1304 cujus
264 1245 347 1291 virides
356 1244 447 1293 sinuato
456 1243 550 1306 gurgite
560 1258 653 1304 campos

131 1308 190 1357 Huc
200 1310 253 1356 illuc
264 1310 322 1356 ludit
333 1308 408 1363 Nilus,
419 1310 528 1370 gyrisque
539 1323 655 1355 recurrens

131 1374 204 1422 Nunc
214 1375 289 1428 ambit,
298 1389 359 1420 nuuc
369 1374 475 1435 inplicitis
485 1375 605 1420 intersecat
616 1373 682 1422 undis

133 1439 367 1503 magmentarium,
380 1446 403 1487 et
413 1436 479 1500 nigrai
490 1438 545 1487 ditat
556 1436 630 1487 areni.

133 1504 199 1553 Huic
208 1520 292 1557 nomeu
302 1512 369 1551 terrm
379 1505 418 1550 dat
428 1505 493 1551 litera
504 1503 575 1551 Deltu
585 1503 688 1553 triformi.

132 1572 227 1620 Oceano
238 1568 335 1617 Boreule
344 1570 404 1617 latus
413 1568 547 1623 defenditur,
558 1570 581 1615 in
593 1584 661 1631 quem

133 1634 239 1685 lnbrndit
246 1651 296 1683 sese
306 1643 400 1697 septeno
409 1635 503 1696 gurgite
514 1633 590 1681 Nilus.

134 1702 197 1756 Qnae
206 1708 292 1747 restant
302 1700 432 1747 laterainde
442 1700 495 1755 duo,
507 1699 551 1746 duo
562 1700 652 1747 brachiu
663 1698 713 1747 Nili

135 1766 225 1814 Ultima
234 1766 385 1813 constituunt:
404 1765 453 1811 brec
464 1764 523 1810 inter
533 1765 628 1819 brachia,
640 1764 739 1827 quinque

133 1829 164 1879 ln
175 1846 237 1877 mare
246 1831 375 1892 gurgitibus
384 1845 425 1891 per
435 1828 530 1876 Deltam
541 1829 640 1877 volvitur
649 1830 729 1878 amnia.

168 1893 272 1957 Magnus
282 1896 310 1942 ab
320 1894 455 1956 AEtbiopum
466 1894 551 1956 campis
562 1894 702 1955 nigrantibus
713 1895 786 1943 amnis

135 1960 252 2015 Volvitur,
263 1967 331 2021 etque
341 1976 388 2007 unc
398 1955 469 2021 lcngd
480 1959 578 2007 decurrit
588 1960 611 2005 in
622 1960 688 2007 alveo

136 2025 219 2087 Usque
230 2025 259 2073 ad
268 2025 391 2087 planitiem,
402 2021 448 2085 qud
457 2025 531 2085 surgit
542 2024 642 2071 maxima
652 2024 777 2087 Memphis,

136 2090 286 2153 Pyramidum
296 2091 418 2153 aggeribus
429 2096 503 2137 totum
514 2088 626 2136 celebrata
635 2104 676 2151 per
687 2091 771 2139 orbem.

136 2155 238 2205 lndrdsit
248 2156 344 2202 nimirum
354 2155 434 2203 faciles
443 2154 531 2201 telluris
538 2155 621 2215 opimae

136 2220 253 2269 Fertilitas
262 2219 342 2282 fruges
351 2220 442 2283 populo,
453 2219 592 2283 nimiumque
602 2220 704 2281 pepercit

136 2285 256 2348 Agricolae
265 2286 376 2340 manibus,
384 2286 444 2333 tanti
450 2286 542 2347 jactare
551 2284 635 2331 laboris
706 2320 712 2335 .

137 2350 175 2399 Ut
184 2349 233 2397 fieri
244 2351 332 2413 possit;
349 2351 422 2397 moles
432 2357 459 2397 ut
468 2350 552 2411 vulgus
562 2349 649 2405 inanes,

137 2416 250 2477 Venaapse
259 2416 402 2478 pyramidum
413 2408 507 2463 mbae‘la
517 2421 657 2477 stupesceret
669 2414 736 2464 orbis.

137 2478 187 2528 Tot
196 2478 292 2543 potuere
302 2496 385 2527 manua
394 2481 483 2528 steriles
494 2481 607 2527 invertere
616 2479 702 2543 glebus,

138 2545 270 2595 Euenum
279 2546 361 2601 solum,
372 2546 444 2595 muris
450 2545 592 2597 circumdare
601 2552 679 2601 terras,

138 2610 174 2725 gt
184 2617 249 2659 tento
259 2611 372 2664 imbellem
382 2610 509 2659 munimiae
517 2611 611 2673 cingere
621 2617 722 2672 gentem,

167 2684 176 2724 t
187 2689 234 2735 non
243 2676 361 2728 incursum
370 2676 449 2742 populi
459 2676 573 2727 timuisset
585 2674 638 2735 Eoi,
