1884 2950
149 159 195 217 116
308 164 314 173 ’
427 148 563 202 Lucum

146 283 277 333 Descendit
286 280 386 344 Pyfflon,
399 278 547 342 Cirrhaesque
556 278 623 327 fluxit
632 278 657 327 in
668 285 744 340 entra5

147 348 218 397 Unde
228 355 252 397 et
262 346 401 395 Thessalicae
411 347 507 395 veniunt
517 346 545 393 sd
556 344 641 406 Pythia
650 344 733 393 laurus.

146 412 227 476 Inpius
238 413 274 460 hin
285 412 371 475 prolem
383 412 468 474 superis
479 411 565 457 inmisit
575 410 673 467 Aloeus3
762 415 814 459 410

147 475 248 525 Inseruit
258 478 324 525 celsis
335 492 404 539 prope
415 492 440 523 se
451 491 503 523 cum
514 474 597 540 Pelion
607 476 680 530 nstris,

148 542 307 604 Sideribusque
318 543 367 589 viss
377 543 495 589 insumens
505 540 597 587 abstulit
607 538 674 587 Osse.

180 606 234 655 Hse
245 608 282 655 ubi
293 606 398 655 damnaui
408 606 461 653 fatis
471 606 552 653 tellure
561 602 666 653 loeirunt

147 668 231 719 Castra
241 673 316 728 duces,
334 678 428 717 cunctos
438 670 491 717 belli
501 685 605 731 praesaga
615 668 685 716 futuri

146 734 218 783 Mens
228 738 306 799 agitet,
319 736 445 797 summique
454 748 549 797 gravem
560 733 695 781 discriminis
704 733 784 782 borum

146 801 285 856 Adventare,
296 802 369 863 palam
381 806 425 847 est:
444 797 591 863 propibsjam
601 798 649 847 fata
658 800 746 846 moveri

145 864 282 928 Degeneres
292 866 404 928 trepidant
415 865 490 920 animi,
500 866 621 927 pejoraque
630 869 728 911 versant.
781 908 787 914 .

145 929 185 977 Au
196 930 275 979 dubins
284 931 356 992 pauci,
366 937 492 992 praesumto
502 930 588 984 robore,
599 943 665 976 casus
809 976 812 981 ,

146 994 260 1058 Spemque
268 1001 400 1055 metumque
408 994 492 1043 ferunt.
503 994 588 1040 Turbae
598 991 639 1041 sed
648 992 733 1041 mixtus
744 992 813 1041 merri

147 1059 230 1107 Sextus
241 1066 295 1115 erat,
308 1059 398 1122 Magno
408 1060 484 1122 proles
494 1059 587 1119 indigna
596 1063 697 1119 parente,
761 1061 813 1104 42⁰

147 1124 202 1179 Qui,
213 1138 268 1171 mox
280 1124 384 1185 Scyllaeis
393 1124 458 1170 exsul
468 1130 584 1184 grassatus
594 1124 618 1169 in
629 1121 702 1177 undis,

146 1186 233 1236 Polluit
243 1204 359 1250 aequoreos
371 1188 460 1236 Siculus
471 1189 543 1248 pirate
552 1188 677 1249 triumphos
686 1203 694 1244 ;

147 1252 201 1309 Qui,
213 1255 343 1302 stimulante
353 1259 423 1307 metu,
434 1252 476 1299 feti
485 1266 627 1315 praenoscere
636 1265 723 1306 cursus,

146 1316 308 1381 Inpetiensque
319 1333 397 1373 morae,
408 1317 557 1377 venturisque
564 1317 667 1363 ommbur
676 1329 745 1377 teger,

145 1380 202 1429 Non
213 1383 314 1444 tripodes¹
323 1381 386 1437 Deli,
398 1396 444 1427 non
456 1380 540 1443 Pythia
550 1380 647 1427 consulit
657 1386 729 1434 saba

146 1446 199 1495 Nee
210 1447 317 1508 quaesisse
327 1446 387 1503 libet,
398 1445 477 1510 primis
487 1445 541 1506 quid
549 1444 654 1507 frugibus
663 1444 731 1492 utrix

146 1511 205 1559 AEre
214 1509 281 1560 Jovis
291 1511 393 1567 Dodona
403 1517 475 1566 sonet,
486 1511 537 1570 quis
547 1525 641 1557 noscere
649 1508 707 1556 fibri

145 1576 205 1624 Feta
215 1583 290 1637 queat,
301 1577 351 1636 quis
361 1575 442 1637 prodat
453 1590 513 1629 aves,
524 1575 574 1636 quis
584 1573 676 1637 fulgura
686 1571 739 1620 coeli

146 1641 234 1695 servet,
246 1647 270 1688 et
281 1637 379 1702 Assyrii
389 1646 501 1688 scrutetur
511 1639 584 1686 sidera
593 1637 654 1694 curi,

145 1706 196 1754 Aut
206 1706 225 1752 si
236 1705 290 1766 quid
300 1705 401 1760 tacitum,
412 1705 452 1752 serl
462 1703 504 1760 ias,
514 1711 570 1752 erat.
587 1703 637 1758 llle,
648 1701 751 1764 mpernis
760 1703 811 1749 400

145 1770 290 1820 Detestanda
299 1768 367 1827 Deis,
379 1775 492 1818 sae'vorum
503 1783 585 1816 arcana
595 1767 720 1830 Magorum

143 1835 256 1891 Noverat,
268 1842 292 1883 et
301 1835 379 1883 tristes
390 1835 459 1882 saeris
469 1833 576 1882 feralibus
586 1847 643 1889 eras,

146 1899 284 1948 Umbrarum
295 1898 404 1963 Ditisque
412 1899 497 1957 fida-3
512 1899 639 1960 miseroque
648 1896 754 1959 liquebat,

145 1964 209 2014 Scire
218 1980 298 2027 parum
310 1965 417 2028 Superos.
433 1963 526 2012 Vanum
536 1978 669 2026 saemunqne
678 1962 777 2010 furorem

145 2030 248 2092 Adjuvat
257 2030 306 2093 ipse
316 2030 387 2086 loeus,
398 2030 518 2091 vicinaque
527 2029 613 2076 rnoenia
623 2027 702 2075 castris

146 2093 317 2151 Humidum,
329 2094 376 2143 ficti
386 2109 442 2156 quas
453 2095 515 2142 nulla
525 2091 617 2141 lieentia
625 2090 722 2140 monstri

144 2157 291 2218 Transieram
305 2173 410 2221 quarmn,
422 2159 529 2222 quidquid
539 2172 586 2206 non
596 2157 700 2211 creditur,
718 2168 756 2204 m
765 2162 809 2204 est

144 2223 255 2272 'l'bessala
265 2226 320 2285 quin
331 2227 400 2274 etiam
411 2224 479 2272 tellus
489 2225 615 2286 herbasque
624 2227 734 2270 nocentes

143 2288 248 2352 Rupibus
258 2290 369 2354 ingenuit,
381 2304 520 2351 sensumque
529 2303 585 2337 saxu
595 2292 703 2335 canentes

119 2397 121 2404 .
145 2353 262 2401 Arcanum
273 2354 343 2403 ferale
354 2353 453 2418 Magos:
471 2355 503 2401 ibi
513 2355 609 2416 plurime
619 2356 718 2413 surgunt
760 2352 810 2398 440

118 2465 123 2482 ι
144 2417 200 2464 Vim
210 2417 298 2466 factura
307 2419 382 2478 Beirm
399 2427 423 2467 et
433 2421 500 2468 terris
509 2419 599 2482 hospita
607 2415 702 2466 Colebis

144 2479 215 2544 Legit
225 2483 249 2529 in
261 2481 398 2541 Hemoniis,
409 2500 465 2547 ques
474 2499 523 2532 non
533 2485 661 2537 munerat,
671 2480 759 2530 nerbas

143 2544 217 2609 lupis
227 2552 264 2594 tot
273 2550 368 2611 popum
379 2555 415 2598 tot
425 2551 505 2598 suun
514 2549 626 2612 genum
642 2559 710 2595 aare·

144 2607 281 2660 Coelioolflm
292 2613 348 2663 dire
358 2621 494 2664 convertunt
503 2614 603 2661 carmine
613 2611 698 2675 gentis.

144 2673 427 2742 Unaperretbereosexit
437 2693 484 2731 vox
494 2679 532 2729 illa
542 2691 651 2735 ηοω.
