1884 2950
259 153 310 202 AD
327 151 508 204 Lucanum
524 153 578 204 Ln‘.
590 151 640 204 Ill.
738 159 788 204 249

114 282 166 331 Vel
175 283 275 344 muitum
285 284 339 340 helii
349 283 411 334 terri
420 287 518 334 retinere
529 283 613 346 quieti.

113 349 176 396 Non
185 351 225 405 ita,
235 350 332 413 pinifero
342 350 430 398 Boreas
440 365 493 398 cum
505 349 616 399 Thracius
627 349 695 399 Ossae

95 423 98 427 ’
114 413 234 471 Incubuit,
240 423 354 464 ,rmonant
363 423 475 477 quassatae
486 417 574 464 turbine
585 416 665 474 silve}

115 480 242 528 Murmure
252 496 294 528 nec
304 487 369 527 tanto
381 479 456 536 Nilus,
467 497 520 528 curn
532 482 560 528 de
571 482 690 529 cataractis

116 545 253 608 Pmopiut
263 547 325 593 duris
334 546 405 592 illisas
415 547 517 594 cautibus
527 547 599 594 undas

117 611 193 670 Astra
202 611 288 666 lavana,
305 612 385 658 surdas
395 612 545 659 habitantibus
556 613 652 658 obstruit
663 625 735 660 aures.

117 676 234 738 Scipiadae
243 677 316 723 dulcis
326 677 427 723 stimulat
437 677 537 724 vindicta
547 684 663 724 catervas:

118 740 242 790 cananeas
251 742 335 802 ingens
343 742 427 803 premit
436 742 562 804 indignatio
574 749 667 798 turmas,

118 802 192 861 Quid
202 821 263 854 nova
272 805 380 853 defimcto
390 807 511 854 sucoomnt
521 809 602 869 proelia
613 807 711 870 Magno,

119 869 280 932 inventusque
289 872 346 918 alius
357 872 438 918 ductor
447 873 551 920 civilibus
562 874 638 920 annis.

120 936 242 998 Sanguine
251 943 386 998 merguntur
394 938 476 998 campi,
487 939 607 998 vicinaque
617 939 689 986 multo

119 1000 207 1048 Tincta
217 1017 298 1048 cruore
307 1001 386 1063 palum
403 1009 427 1048 et
437 1003 499 1063 quod
509 1010 544 1050 tot
554 1004 648 1052 vulnera
654 1005 746 1052 rubrum

120 1065 241 1125 Emittunt
251 1066 344 1122 flumen,
355 1067 485 1114 foecundam
496 1069 570 1130 putria
581 1075 649 1116 terrae

121 1130 213 1194 Alligrt
222 1133 247 1178 in
254 1133 351 1193 glebam,
362 1139 387 1179 et
397 1133 485 1180 steriles
496 1135 611 1181 connectit
621 1142 708 1181 arenas.

121 1195 189 1243 Inter
199 1199 400 1257 utramqueaciem
412 1198 493 1246 volitat
502 1199 578 1246 feralis
589 1197 666 1260 Enyo,
676 1223 677 1228 =

122 1260 242 1324 Lampadu
250 1262 364 1309 funeatam
374 1265 491 1324 quatiens:
511 1271 649 1312 resmaverat
659 1270 749 1312 antrum

121 1325 246 1374 Tartareus
256 1335 331 1385 rector
339 1328 441 1390 palleum
459 1336 529 1391 utque
539 1345 602 1376 arma
612 1329 709 1378 nefanda

123 1392 265 1454 Spectorent,
276 1400 427 1454 cuperentque
438 1395 473 1440 sui
484 1395 563 1442 solatia
572 1394 620 1450 fati,

122 1457 215 1506 Invisas
224 1457 277 1504 illuc
288 1456 375 1519 Libyes
384 1459 491 1507 emiserat
500 1461 597 1509 umbras.

124 1523 235 1603 Undique
245 1520 369 1571 consedere
379 1525 446 1580 arvis,
458 1524 569 1587 nigrique
580 1524 666 1573 corani

123 1586 230 1636 Iniecere
241 1589 307 1643 diem,
319 1590 430 1636 versatilia
441 1592 520 1637 umbra
529 1590 659 1652 Jugurthae.
685 1616 686 1619 =

125 1651 263 1700 Hannibalis
273 1656 330 1701 saevi
341 1653 432 1709 Manes,
443 1656 548 1717 captique
560 1656 681 1719 Syphacis;

126 1718 175 1773 eri
185 1734 247 1765 nunc
257 1734 348 1766 eversas
360 1735 436 1767 secum
449 1718 595 1783 Carthaginis
606 1736 670 1769 arces

125 1778 244 1845 Ignovire
254 1783 320 1840 Deis,
331 1792 450 1846 postquam
462 1786 540 1833 feralia
551 1787 623 1849 campi

126 1847 213 1897 Proelia
222 1847 351 1911 Thapsiaci,
362 1856 386 1896 et
396 1849 476 1897 Latios
487 1847 565 1897 videre
573 1850 669 1899 furores.

127 1914 174 1961 Sed
183 1922 261 1962 tamen
272 1914 383 1963 Ausoniae
393 1916 468 1963 civilia
478 1916 572 1963 vulnera
580 1917 670 1967 dextrae

127 1979 187 2027 Afra
195 1980 245 2027 luet
254 1980 328 2035 tellus,
340 1987 364 2026 et
373 1980 426 2041 plus
436 1982 568 2036 vastabitur,
581 1988 636 2031 astas

128 2044 238 2092 Proxima
248 2041 316 2105 quim
326 2060 431 2111 reparare
439 2053 528 2107 potest;
548 2048 635 2095 inarata
640 2047 751 2109 jacebuut

128 2111 199 2166 Arva,
210 2117 321 2171 meatque
331 2112 378 2159 suis
385 2119 488 2159 vacuatae
499 2112 585 2160 civibus
596 2112 678 2170 urbere

129 2175 284 2236 Quaeqneviri
294 2173 391 2232 coluere,
402 2176 458 2223 ferae
469 2193 530 2225 nuuc
542 2192 594 2229 rura
604 2178 720 2227 tenebunt.

129 2238 183 2295 Qu
192 2256 259 2302 rages
270 2241 324 2287 olim
334 2257 375 2303 per
385 2249 467 2303 gentes
472 2245 527 2305 jura
537 2243 653 2297 dederunt,

128 2305 206 2368 Tigris
214 2307 265 2360 erit,
275 2307 409 2367 parciusque,
420 2315 447 2364 et
455 2308 569 2355 habebunt
579 2323 651 2370 regna
660 2308 745 2359 lacurn

128 2370 244 2418 Innocuus
255 2372 318 2417 vivet
325 2386 423 2433 serpeus,
434 2379 458 2419 et
468 2372 538 2428 nulla,
548 2374 644 2420 venenis

130 2435 195 2484 Dum
203 2436 299 2483 deerunt
309 2437 500 2499 hominespestis
512 2439 639 2487 censebitur
650 2438 706 2491 orbi.

162 2499 276 2549 Caesareis
284 2502 366 2549 leviter
375 2504 477 2563 percussi
488 2510 580 2565 pectora
587 2504 645 2559 telis,

131 2565 160 2614 In
171 2581 214 2613 sua
224 2567 339 2613 conversis
350 2566 482 2627 elephantes
493 2569 585 2630 agmine
594 2568 675 2617 fraeuis

132 2631 265 2693 Pracipites
276 2631 336 2677 rabie
347 2641 453 2681 currunt:
474 2640 523 2679 tum
535 2634 618 2683 robore-
626 2634 711 2684 terma

132 2694 249 2744 Indomita
259 2696 351 2747 turbant
361 2712 453 2759 cuneos,
464 2705 534 2761 atque
544 2699 637 2762 agurius
647 2698 709 2763 regis

872 2794 933 2939 fl
