<?xml version="1.0" encoding="UTF-8"?>
<!DOCTYPE html PUBLIC "-//W3C//DTD XHTML 1.0 Transitional//EN"
    "http://www.w3.org/TR/xhtml1/DTD/xhtml1-transitional.dtd">
<html xmlns="http://www.w3.org/1999/xhtml" xml:lang="en" lang="en">
 <head>
  <title>
</title>
<meta http-equiv="Content-Type" content="text/html;charset=utf-8" />
  <meta name='ocr-system' content='tesseract 3.04.00' />
  <meta name='ocr-capabilities' content='ocr_page ocr_carea ocr_par ocr_line ocrx_word'/>
</head>
<body>
  <div class='ocr_page' id='page_1' title='image "./marciaennaeiluc00maygoog_0070.png"; bbox 0 0 1884 2950; ppageno 0'>
   <div class='ocr_carea' id='block_1_1' title="bbox 50 103 644 168">
    <p class='ocr_par' dir='ltr' id='par_1_1' title="bbox 50 103 644 168">
     <span class='ocr_line' id='line_1_1' title="bbox 50 103 644 168; baseline -0.012 -7"><span class='ocrx_word' id='word_1_1' title='bbox 50 162 52 168; x_wconf 72' lang='grc'><strong>,</strong></span> <span class='ocrx_word' id='word_1_2' title='bbox 146 112 178 160; x_wconf 75' lang='grc'><strong>66</strong></span> <span class='ocrx_word' id='word_1_3' title='bbox 310 147 314 154; x_wconf 96' lang='grc'>.</span> <span class='ocrx_word' id='word_1_4' title='bbox 395 103 584 156; x_wconf 36' lang='lat' dir='ltr'><strong>*Lucum*</strong></span> <span class='ocrx_word' id='word_1_5' title='bbox 640 153 644 162; x_wconf 81' lang='grc'><em>,</em></span> 
     </span>
    </p>
   </div>
   <div class='ocr_carea' id='block_1_2' title="bbox 134 234 818 1210">
    <p class='ocr_par' dir='ltr' id='par_1_2' title="bbox 147 234 818 626">
     <span class='ocr_line' id='line_1_2' title="bbox 147 234 708 302; baseline -0.002 -15"><span class='ocrx_word' id='word_1_6' title='bbox 147 239 199 288; x_wconf 76' lang='lat' dir='ltr'><strong>Pur</strong></span> <span class='ocrx_word' id='word_1_7' title='bbox 209 237 248 286; x_wconf 84' lang='lat' dir='ltr'><strong>sed</strong></span> <span class='ocrx_word' id='word_1_8' title='bbox 258 239 282 286; x_wconf 84' lang='lat' dir='ltr'><strong>in</strong></span> <span class='ocrx_word' id='word_1_9' title='bbox 292 237 391 286; x_wconf 76' lang='lat' dir='ltr'><strong>meditun</strong></span> <span class='ocrx_word' id='word_1_10' title='bbox 401 234 486 284; x_wconf 71' lang='lat' dir='ltr'><strong>venere</strong></span> <span class='ocrx_word' id='word_1_11' title='bbox 496 239 615 286; x_wconf 77' lang='lat' dir='ltr'><strong>trementia</strong></span> <span class='ocrx_word' id='word_1_12' title='bbox 623 249 708 302; x_wconf 77' lang='lat' dir='ltr'><strong>pectus,</strong></span> 
     </span>
     <span class='ocr_line' id='line_1_3' title="bbox 148 303 792 367; baseline -0.003 -15"><span class='ocrx_word' id='word_1_13' title='bbox 148 305 284 366; x_wconf 80' lang='lat' dir='ltr'><strong>Avertitque</strong></span> <span class='ocrx_word' id='word_1_14' title='bbox 294 309 364 350; x_wconf 86' lang='lat' dir='ltr'><strong>ratem</strong></span> <span class='ocrx_word' id='word_1_15' title='bbox 375 303 492 350; x_wconf 88' lang='lat' dir='ltr'><strong>morientis</strong></span> <span class='ocrx_word' id='word_1_16' title='bbox 502 303 581 351; x_wconf 80' lang='lat' dir='ltr'><strong>dextro</strong></span> <span class='ocrx_word' id='word_1_17' title='bbox 590 306 701 367; x_wconf 72' lang='lat' dir='ltr'><strong>magistri.</strong></span> <span class='ocrx_word' id='word_1_18' title='bbox 787 308 792 315; x_wconf 84' lang='lat'><em>&#39;</em></span> 
     </span>
     <span class='ocr_line' id='line_1_4' title="bbox 148 369 818 436; baseline -0.004 -19"><span class='ocrx_word' id='word_1_19' title='bbox 148 369 214 418; x_wconf 88' lang='lat' dir='ltr'><strong>Dum</strong></span> <span class='ocrx_word' id='word_1_20' title='bbox 225 371 287 431; x_wconf 88' lang='lat' dir='ltr'><strong>cupit</strong></span> <span class='ocrx_word' id='word_1_21' title='bbox 297 371 320 416; x_wconf 88' lang='lat' dir='ltr'><strong>in</strong></span> <span class='ocrx_word' id='word_1_22' title='bbox 329 369 412 416; x_wconf 83' lang='lat' dir='ltr'><strong>sociam</strong></span> <span class='ocrx_word' id='word_1_23' title='bbox 419 369 526 428; x_wconf 81' lang='lat' dir='ltr'><strong>Gyareus</strong></span> <span class='ocrx_word' id='word_1_24' title='bbox 533 383 650 432; x_wconf 80' lang='lat' dir='ltr'><strong>erumpere</strong></span> <span class='ocrx_word' id='word_1_25' title='bbox 656 373 755 436; x_wconf 52' lang='lat' dir='ltr'><strong>puppim</strong></span> <span class='ocrx_word' id='word_1_26' title='bbox 767 381 818 424; x_wconf 69' lang='lat' dir='ltr'><strong>eoo</strong></span> 
     </span>
     <span class='ocr_line' id='line_1_5' title="bbox 148 434 693 497; baseline -0.004 -13"><span class='ocrx_word' id='word_1_27' title='bbox 148 435 242 497; x_wconf 81' lang='lat' dir='ltr'>Excipit</span> <span class='ocrx_word' id='word_1_28' title='bbox 252 435 371 482; x_wconf 87' lang='lat' dir='ltr'><strong>inmissum</strong></span> <span class='ocrx_word' id='word_1_29' title='bbox 382 447 491 494; x_wconf 84' lang='lat' dir='ltr'><strong>suspenso</strong></span> <span class='ocrx_word' id='word_1_30' title='bbox 500 449 540 494; x_wconf 81' lang='lat' dir='ltr'><strong>per</strong></span> <span class='ocrx_word' id='word_1_31' title='bbox 549 434 588 481; x_wconf 83' lang='lat' dir='ltr'><strong>ilia</strong></span> <span class='ocrx_word' id='word_1_32' title='bbox 597 435 693 495; x_wconf 86' lang='lat' dir='ltr'><strong>ferrum;</strong></span> 
     </span>
     <span class='ocr_line' id='line_1_6' title="bbox 149 498 670 561; baseline 0 -13"><span class='ocrx_word' id='word_1_33' title='bbox 149 500 292 561; x_wconf 81' lang='lat' dir='ltr'><strong>Adfixusque</strong></span> <span class='ocrx_word' id='word_1_34' title='bbox 303 501 350 554; x_wconf 78' lang='lat' dir='ltr'><strong>reti,</strong></span> <span class='ocrx_word' id='word_1_35' title='bbox 368 498 414 545; x_wconf 92' lang='lat' dir='ltr'><strong>telo</strong></span> <span class='ocrx_word' id='word_1_36' title='bbox 425 499 540 553; x_wconf 81' lang='lat' dir='ltr'><strong>retinente,</strong></span> <span class='ocrx_word' id='word_1_37' title='bbox 557 501 670 560; x_wconf 76' lang='lat' dir='ltr'><strong>pependit</strong></span> 
     </span>
     <span class='ocr_line' id='line_1_7' title="bbox 183 563 735 626; baseline 0.002 -13"><span class='ocrx_word' id='word_1_38' title='bbox 183 565 249 619; x_wconf 83' lang='lat' dir='ltr'><strong>Stant</strong></span> <span class='ocrx_word' id='word_1_39' title='bbox 260 565 344 626; x_wconf 83' lang='lat' dir='ltr'><strong>gemini</strong></span> <span class='ocrx_word' id='word_1_40' title='bbox 353 563 438 618; x_wconf 78' lang='lat' dir='ltr'><strong>fratres,</strong></span> <span class='ocrx_word' id='word_1_41' title='bbox 455 563 559 610; x_wconf 79' lang='lat' dir='ltr'><strong>fecundae</strong></span> <span class='ocrx_word' id='word_1_42' title='bbox 566 566 639 626; x_wconf 83' lang='lat' dir='ltr'><strong>gloria</strong></span> <span class='ocrx_word' id='word_1_43' title='bbox 648 567 735 624; x_wconf 78' lang='lat' dir='ltr'><strong>metris,</strong></span> 
     </span>
    </p>

    <p class='ocr_par' dir='ltr' id='par_1_3' title="bbox 149 629 760 822">
     <span class='ocr_line' id='line_1_8' title="bbox 151 629 691 691; baseline 0.004 -15"><span class='ocrx_word' id='word_1_44' title='bbox 151 629 217 684; x_wconf 82' lang='lat' dir='ltr'><strong>Quos</strong></span> <span class='ocrx_word' id='word_1_45' title='bbox 226 631 304 676; x_wconf 85' lang='lat' dir='ltr'><strong>eadem</strong></span> <span class='ocrx_word' id='word_1_46' title='bbox 315 630 382 674; x_wconf 83' lang='lat' dir='ltr'><strong>variis</strong></span> <span class='ocrx_word' id='word_1_47' title='bbox 392 636 519 691; x_wconf 84' lang='lat' dir='ltr'><strong>genuenrnt</strong></span> <span class='ocrx_word' id='word_1_48' title='bbox 529 630 615 676; x_wconf 80' lang='lat' dir='ltr'><strong>viscera</strong></span> <span class='ocrx_word' id='word_1_49' title='bbox 624 631 691 690; x_wconf 75' lang='lat' dir='ltr'><strong>fetis3</strong></span> 
     </span>
     <span class='ocr_line' id='line_1_9' title="bbox 150 694 760 758; baseline 0.005 -16"><span class='ocrx_word' id='word_1_50' title='bbox 150 694 280 758; x_wconf 87' lang='lat' dir='ltr'><strong>(Discrevit</strong></span> <span class='ocrx_word' id='word_1_51' title='bbox 290 709 351 740; x_wconf 86' lang='lat' dir='ltr'><strong>mors</strong></span> <span class='ocrx_word' id='word_1_52' title='bbox 362 709 424 740; x_wconf 79' lang='lat' dir='ltr'><strong>sceva</strong></span> <span class='ocrx_word' id='word_1_53' title='bbox 433 695 511 751; x_wconf 85' lang='lat' dir='ltr'><strong>viros;</strong></span> <span class='ocrx_word' id='word_1_54' title='bbox 527 709 642 756; x_wconf 88' lang='lat' dir='ltr'><strong>unumque</strong></span> <span class='ocrx_word' id='word_1_55' title='bbox 649 697 760 749; x_wconf 71' lang='lat' dir='ltr'><strong>relictum</strong></span> 
     </span>
     <span class='ocr_line' id='line_1_10' title="bbox 149 757 689 822; baseline 0.002 -16"><span class='ocrx_word' id='word_1_56' title='bbox 149 757 274 822; x_wconf 73' lang='lat' dir='ltr'><strong>Agnbnmt</strong></span> <span class='ocrx_word' id='word_1_57' title='bbox 284 759 366 812; x_wconf 82' lang='lat' dir='ltr'><strong>miseri,</strong></span> <span class='ocrx_word' id='word_1_58' title='bbox 383 759 469 805; x_wconf 79' lang='lat' dir='ltr'><strong>sublato</strong></span> <span class='ocrx_word' id='word_1_59' title='bbox 480 774 561 813; x_wconf 84' lang='lat' dir='ltr'><strong>errore,</strong></span> <span class='ocrx_word' id='word_1_60' title='bbox 577 769 689 820; x_wconf 82' lang='lat' dir='ltr'><strong>parentes,</strong></span> 
     </span>
    </p>

    <p class='ocr_par' dir='ltr' id='par_1_4' title="bbox 134 823 749 1015">
     <span class='ocr_line' id='line_1_11' title="bbox 150 823 719 874; baseline 0.005 -3"><span class='ocrx_word' id='word_1_61' title='bbox 150 824 254 872; x_wconf 83' lang='lat' dir='ltr'><strong>AEtemis</strong></span> <span class='ocrx_word' id='word_1_62' title='bbox 264 838 364 870; x_wconf 79' lang='lat' dir='ltr'><strong>caussam</strong></span> <span class='ocrx_word' id='word_1_63' title='bbox 372 823 482 870; x_wconf 81' lang='lat' dir='ltr'><strong>lacrimis:</strong></span> <span class='ocrx_word' id='word_1_64' title='bbox 501 832 564 870; x_wconf 88' lang='lat' dir='ltr'><strong>tenet</strong></span> <span class='ocrx_word' id='word_1_65' title='bbox 572 825 612 871; x_wconf 86' lang='lat' dir='ltr'><strong>ille</strong></span> <span class='ocrx_word' id='word_1_66' title='bbox 618 827 719 874; x_wconf 85' lang='lat' dir='ltr'><strong>dolorem</strong></span> 
     </span>
     <span class='ocr_line' id='line_1_12' title="bbox 151 887 749 955; baseline 0.003 -17"><span class='ocrx_word' id='word_1_67' title='bbox 151 890 251 951; x_wconf 81' lang='lat' dir='ltr'><strong>Semper,</strong></span> <span class='ocrx_word' id='word_1_68' title='bbox 263 897 286 935; x_wconf 91' lang='lat' dir='ltr'><strong>et</strong></span> <span class='ocrx_word' id='word_1_69' title='bbox 294 889 400 934; x_wconf 80' lang='lat' dir='ltr'><strong>emissum</strong></span> <span class='ocrx_word' id='word_1_70' title='bbox 408 887 499 936; x_wconf 81' lang='lat' dir='ltr'><strong>fratrem</strong></span> <span class='ocrx_word' id='word_1_71' title='bbox 510 889 637 950; x_wconf 80' lang='lat' dir='ltr'><strong>lugentrbus</strong></span> <span class='ocrx_word' id='word_1_72' title='bbox 648 891 749 955; x_wconf 76' lang='lat' dir='ltr'><strong>obfertz)</strong></span> 
     </span>
     <span class='ocr_line' id='line_1_13' title="bbox 134 953 701 1015; baseline 0.004 -15"><span class='ocrx_word' id='word_1_73' title='bbox 134 1005 138 1015; x_wconf 40' lang='lat'><strong><em>¹</em></strong></span> <span class='ocrx_word' id='word_1_74' title='bbox 151 955 255 1010; x_wconf 83' lang='lat' dir='ltr'><strong>Quorum</strong></span> <span class='ocrx_word' id='word_1_75' title='bbox 263 954 325 1008; x_wconf 84' lang='lat' dir='ltr'><strong>alter,</strong></span> <span class='ocrx_word' id='word_1_76' title='bbox 342 953 418 999; x_wconf 81' lang='lat' dir='ltr'><strong>mixtis</strong></span> <span class='ocrx_word' id='word_1_77' title='bbox 429 954 519 1014; x_wconf 90' lang='lat' dir='ltr'><strong>obliquo</strong></span> <span class='ocrx_word' id='word_1_78' title='bbox 528 955 618 1014; x_wconf 84' lang='lat' dir='ltr'><strong>pectine</strong></span> <span class='ocrx_word' id='word_1_79' title='bbox 627 958 701 1013; x_wconf 83' lang='lat' dir='ltr'><strong>remis,</strong></span> 
     </span>
    </p>

    <p class='ocr_par' dir='ltr' id='par_1_5' title="bbox 149 1017 817 1210">
     <span class='ocr_line' id='line_1_14' title="bbox 149 1017 817 1080; baseline 0 -14"><span class='ocrx_word' id='word_1_80' title='bbox 149 1019 229 1066; x_wconf 79' lang='lat' dir='ltr'><strong>Ausus</strong></span> <span class='ocrx_word' id='word_1_81' title='bbox 240 1018 352 1064; x_wconf 79' lang='lat' dir='ltr'><strong>Romanae</strong></span> <span class='ocrx_word' id='word_1_82' title='bbox 360 1017 431 1064; x_wconf 67' lang='lat' dir='ltr'><strong>Graii</strong></span> <span class='ocrx_word' id='word_1_83' title='bbox 442 1019 469 1064; x_wconf 91' lang='lat' dir='ltr'><strong>de</strong></span> <span class='ocrx_word' id='word_1_84' title='bbox 479 1033 553 1080; x_wconf 91' lang='lat' dir='ltr'><strong>puppe</strong></span> <span class='ocrx_word' id='word_1_85' title='bbox 563 1019 645 1066; x_wconf 83' lang='lat' dir='ltr'><strong>carinae</strong></span> <span class='ocrx_word' id='word_1_86' title='bbox 765 1029 817 1073; x_wconf 80' lang='lat'><strong>610</strong></span> 
     </span>
     <span class='ocr_line' id='line_1_15' title="bbox 152 1083 757 1147; baseline 0.008 -17"><span class='ocrx_word' id='word_1_87' title='bbox 152 1083 263 1146; x_wconf 87' lang='lat' dir='ltr'><strong>injectare</strong></span> <span class='ocrx_word' id='word_1_88' title='bbox 272 1098 380 1139; x_wconf 82' lang='lat' dir='ltr'><strong>menum3</strong></span> <span class='ocrx_word' id='word_1_89' title='bbox 398 1083 438 1130; x_wconf 84' lang='lat' dir='ltr'><strong>sed</strong></span> <span class='ocrx_word' id='word_1_90' title='bbox 448 1097 498 1130; x_wconf 75' lang='lat' dir='ltr'><strong>ean</strong></span> <span class='ocrx_word' id='word_1_91' title='bbox 508 1083 583 1144; x_wconf 75' lang='lat' dir='ltr'><strong>gravis</strong></span> <span class='ocrx_word' id='word_1_92' title='bbox 593 1085 686 1147; x_wconf 83' lang='lat' dir='ltr'><strong>insuper</strong></span> <span class='ocrx_word' id='word_1_93' title='bbox 691 1087 757 1135; x_wconf 70' lang='lat' dir='ltr'><strong>ictus</strong></span> 
     </span>
     <span class='ocr_line' id='line_1_16' title="bbox 152 1148 763 1210; baseline 0.002 -14"><span class='ocrx_word' id='word_1_94' title='bbox 152 1148 273 1210; x_wconf 71' lang='lat' dir='ltr'><strong>Amputatz</strong></span> <span class='ocrx_word' id='word_1_95' title='bbox 286 1149 325 1194; x_wconf 78' lang='lat' dir='ltr'><strong>ilis</strong></span> <span class='ocrx_word' id='word_1_96' title='bbox 335 1155 409 1196; x_wconf 79' lang='lat' dir='ltr'><strong>tannen</strong></span> <span class='ocrx_word' id='word_1_97' title='bbox 420 1149 478 1203; x_wconf 88' lang='lat' dir='ltr'><strong>nisu,</strong></span> <span class='ocrx_word' id='word_1_98' title='bbox 494 1163 540 1208; x_wconf 93' lang='lat' dir='ltr'><strong>quo</strong></span> <span class='ocrx_word' id='word_1_99' title='bbox 549 1150 674 1209; x_wconf 74' lang='lat' dir='ltr'><strong>prenderet,</strong></span> <span class='ocrx_word' id='word_1_100' title='bbox 690 1153 763 1210; x_wconf 78' lang='lat' dir='ltr'><strong>bresit,</strong></span> 
     </span>
    </p>
   </div>
   <div class='ocr_carea' id='block_1_3' title="bbox 75 1213 691 1276">
    <p class='ocr_par' dir='ltr' id='par_1_6' title="bbox 75 1213 691 1276">
     <span class='ocr_line' id='line_1_17' title="bbox 75 1213 691 1276; baseline 0.002 -15"><span class='ocrx_word' id='word_1_101' title='bbox 75 1263 77 1273; x_wconf 66' lang='grc'>,</span> <span class='ocrx_word' id='word_1_102' title='bbox 151 1213 299 1276; x_wconf 85' lang='lat' dir='ltr'><strong>Diriguitque</strong></span> <span class='ocrx_word' id='word_1_103' title='bbox 308 1221 388 1260; x_wconf 82' lang='lat' dir='ltr'><strong>tenens</strong></span> <span class='ocrx_word' id='word_1_104' title='bbox 395 1213 478 1259; x_wconf 84' lang='lat' dir='ltr'><strong>strictis</strong></span> <span class='ocrx_word' id='word_1_105' title='bbox 487 1213 600 1260; x_wconf 83' lang='lat' dir='ltr'><strong>inmortua</strong></span> <span class='ocrx_word' id='word_1_106' title='bbox 609 1216 691 1262; x_wconf 82' lang='lat' dir='ltr'><strong>nervis.</strong></span> 
     </span>
    </p>
   </div>
   <div class='ocr_carea' id='block_1_4' title="bbox 113 1277 825 2251">
    <p class='ocr_par' dir='ltr' id='par_1_7' title="bbox 153 1277 677 1338">
     <span class='ocr_line' id='line_1_18' title="bbox 153 1277 677 1338; baseline 0.002 -13"><span class='ocrx_word' id='word_1_107' title='bbox 153 1277 234 1326; x_wconf 81' lang='lat' dir='ltr'><strong>Crevit</strong></span> <span class='ocrx_word' id='word_1_108' title='bbox 244 1279 267 1324; x_wconf 92' lang='lat' dir='ltr'><strong>in</strong></span> <span class='ocrx_word' id='word_1_109' title='bbox 276 1279 374 1324; x_wconf 76' lang='lat' dir='ltr'><strong>adversis</strong></span> <span class='ocrx_word' id='word_1_110' title='bbox 384 1279 468 1323; x_wconf 86' lang='lat' dir='ltr'><strong>virtus:</strong></span> <span class='ocrx_word' id='word_1_111' title='bbox 487 1278 538 1338; x_wconf 82' lang='lat' dir='ltr'><strong>plus</strong></span> <span class='ocrx_word' id='word_1_112' title='bbox 548 1279 628 1326; x_wconf 88' lang='lat' dir='ltr'><strong>nobilis</strong></span> <span class='ocrx_word' id='word_1_113' title='bbox 635 1281 677 1326; x_wconf 81' lang='lat' dir='ltr'><strong>irae</strong></span> 
     </span>
    </p>

    <p class='ocr_par' dir='ltr' id='par_1_8' title="bbox 152 1341 776 1470">
     <span class='ocr_line' id='line_1_19' title="bbox 152 1341 740 1404; baseline 0.002 -14"><span class='ocrx_word' id='word_1_114' title='bbox 152 1341 256 1396; x_wconf 80' lang='lat' dir='ltr'><strong>Truncus</strong></span> <span class='ocrx_word' id='word_1_115' title='bbox 267 1343 346 1400; x_wconf 81' lang='lat' dir='ltr'><strong>habet3</strong></span> <span class='ocrx_word' id='word_1_116' title='bbox 363 1341 461 1403; x_wconf 82' lang='lat' dir='ltr'><strong>fortique</strong></span> <span class='ocrx_word' id='word_1_117' title='bbox 470 1343 578 1390; x_wconf 78' lang='lat' dir='ltr'><strong>instauret</strong></span> <span class='ocrx_word' id='word_1_118' title='bbox 587 1345 667 1404; x_wconf 83' lang='lat' dir='ltr'><strong>proeiiu</strong></span> <span class='ocrx_word' id='word_1_119' title='bbox 675 1344 740 1402; x_wconf 71' lang='lat' dir='ltr'><strong>beri,</strong></span> 
     </span>
     <span class='ocr_line' id='line_1_20' title="bbox 153 1407 776 1470; baseline 0.006 -15"><span class='ocrx_word' id='word_1_120' title='bbox 153 1407 313 1470; x_wconf 68' lang='lat' dir='ltr'><strong>Rapturusque</strong></span> <span class='ocrx_word' id='word_1_121' title='bbox 321 1421 385 1454; x_wconf 81' lang='lat' dir='ltr'><strong>suam</strong></span> <span class='ocrx_word' id='word_1_122' title='bbox 396 1408 522 1468; x_wconf 90' lang='lat' dir='ltr'><strong>procumbit</strong></span> <span class='ocrx_word' id='word_1_123' title='bbox 532 1408 555 1454; x_wconf 89' lang='lat' dir='ltr'><strong>in</strong></span> <span class='ocrx_word' id='word_1_124' title='bbox 567 1412 657 1468; x_wconf 77' lang='lat' dir='ltr'><strong>aequora</strong></span> <span class='ocrx_word' id='word_1_125' title='bbox 667 1410 776 1459; x_wconf 72' lang='lat' dir='ltr'><strong>dextrum</strong></span> 
     </span>
    </p>

    <p class='ocr_par' dir='ltr' id='par_1_9' title="bbox 113 1467 783 1534">
     <span class='ocr_line' id='line_1_21' title="bbox 113 1467 783 1534; baseline 0.009 -14"><span class='ocrx_word' id='word_1_126' title='bbox 113 1467 115 1473; x_wconf 66' lang='grc'><em>’</em></span> <span class='ocrx_word' id='word_1_127' title='bbox 153 1471 216 1521; x_wconf 81' lang='lat' dir='ltr'><strong>Haec</strong></span> <span class='ocrx_word' id='word_1_128' title='bbox 227 1488 316 1534; x_wconf 90' lang='lat' dir='ltr'><strong>quoque</strong></span> <span class='ocrx_word' id='word_1_129' title='bbox 326 1488 378 1519; x_wconf 92' lang='lat' dir='ltr'><strong>cum</strong></span> <span class='ocrx_word' id='word_1_130' title='bbox 394 1479 442 1519; x_wconf 91' lang='lat' dir='ltr'><strong>toto</strong></span> <span class='ocrx_word' id='word_1_131' title='bbox 452 1488 532 1519; x_wconf 85' lang='lat' dir='ltr'><strong>manus</strong></span> <span class='ocrx_word' id='word_1_132' title='bbox 542 1481 577 1519; x_wconf 81' lang='lat' dir='ltr'><strong>eat</strong></span> <span class='ocrx_word' id='word_1_133' title='bbox 587 1476 684 1523; x_wconf 72' lang='lat' dir='ltr'><strong>absdssa</strong></span> <span class='ocrx_word' id='word_1_134' title='bbox 692 1478 783 1526; x_wconf 78' lang='lat' dir='ltr'><strong>lacerto.</strong></span> 
     </span>
    </p>

    <p class='ocr_par' dir='ltr' id='par_1_10' title="bbox 113 1536 709 1600">
     <span class='ocr_line' id='line_1_22' title="bbox 113 1536 709 1600; baseline 0.003 -15"><span class='ocrx_word' id='word_1_135' title='bbox 113 1562 115 1568; x_wconf 41' lang='lat' dir='ltr'>v</span> <span class='ocrx_word' id='word_1_136' title='bbox 153 1536 207 1587; x_wconf 79' lang='lat' dir='ltr'><strong>Jam</strong></span> <span class='ocrx_word' id='word_1_137' title='bbox 216 1539 287 1600; x_wconf 89' lang='lat' dir='ltr'><strong>clipeo</strong></span> <span class='ocrx_word' id='word_1_138' title='bbox 299 1538 393 1597; x_wconf 87' lang='lat' dir='ltr'><strong>telisque</strong></span> <span class='ocrx_word' id='word_1_139' title='bbox 403 1547 487 1591; x_wconf 81' lang='lat' dir='ltr'><strong>carens,</strong></span> <span class='ocrx_word' id='word_1_140' title='bbox 499 1553 545 1584; x_wconf 92' lang='lat' dir='ltr'><strong>non</strong></span> <span class='ocrx_word' id='word_1_141' title='bbox 552 1539 655 1585; x_wconf 89' lang='lat' dir='ltr'><strong>conditur</strong></span> <span class='ocrx_word' id='word_1_142' title='bbox 664 1540 709 1588; x_wconf 73' lang='lat' dir='ltr'><strong>ime</strong></span> 
     </span>
    </p>

    <p class='ocr_par' dir='ltr' id='par_1_11' title="bbox 156 1600 767 1665">
     <span class='ocr_line' id='line_1_23' title="bbox 156 1600 767 1665; baseline 0.008 -16"><span class='ocrx_word' id='word_1_143' title='bbox 156 1602 250 1665; x_wconf 87' lang='lat' dir='ltr'><strong>Puppe;</strong></span> <span class='ocrx_word' id='word_1_144' title='bbox 267 1603 307 1649; x_wconf 85' lang='lat' dir='ltr'><strong>sed</strong></span> <span class='ocrx_word' id='word_1_145' title='bbox 317 1603 437 1663; x_wconf 80' lang='lat' dir='ltr'><strong>expositus,</strong></span> <span class='ocrx_word' id='word_1_146' title='bbox 454 1600 596 1663; x_wconf 80' lang='lat' dir='ltr'><strong>fraternaque</strong></span> <span class='ocrx_word' id='word_1_147' title='bbox 605 1612 696 1665; x_wconf 77' lang='lat' dir='ltr'><strong>pectore</strong></span> <span class='ocrx_word' id='word_1_148' title='bbox 706 1606 767 1655; x_wconf 82' lang='lat' dir='ltr'><strong>nudo</strong></span> 
     </span>
    </p>

    <p class='ocr_par' dir='ltr' id='par_1_12' title="bbox 154 1666 820 1731">
     <span class='ocr_line' id='line_1_24' title="bbox 154 1666 820 1731; baseline 0.009 -16"><span class='ocrx_word' id='word_1_149' title='bbox 154 1666 226 1715; x_wconf 78' lang='lat' dir='ltr'><strong>Arma</strong></span> <span class='ocrx_word' id='word_1_150' title='bbox 237 1675 323 1729; x_wconf 81' lang='lat' dir='ltr'><strong>tegens,</strong></span> <span class='ocrx_word' id='word_1_151' title='bbox 341 1666 417 1713; x_wconf 69' lang='lat' dir='ltr'><strong>crebri</strong></span> <span class='ocrx_word' id='word_1_152' title='bbox 427 1667 528 1715; x_wconf 82' lang='lat' dir='ltr'><strong>confixus</strong></span> <span class='ocrx_word' id='word_1_153' title='bbox 537 1670 627 1729; x_wconf 77' lang='lat' dir='ltr'><strong>cuspide</strong></span> <span class='ocrx_word' id='word_1_154' title='bbox 637 1679 736 1731; x_wconf 77' lang='lat' dir='ltr'><strong>perstut3</strong></span> <span class='ocrx_word' id='word_1_155' title='bbox 770 1672 820 1721; x_wconf 72' lang='lat' dir='ltr'><strong>tm</strong></span> 
     </span>
    </p>

    <p class='ocr_par' dir='ltr' id='par_1_13' title="bbox 154 1730 640 1793">
     <span class='ocr_line' id='line_1_25' title="bbox 154 1730 640 1793; baseline 0 -14"><span class='ocrx_word' id='word_1_156' title='bbox 154 1730 256 1793; x_wconf 76' lang='lat' dir='ltr'><strong>Telaque</strong></span> <span class='ocrx_word' id='word_1_157' title='bbox 266 1732 387 1779; x_wconf 86' lang='lat' dir='ltr'><strong>multorum</strong></span> <span class='ocrx_word' id='word_1_158' title='bbox 398 1733 443 1779; x_wconf 89' lang='lat' dir='ltr'><strong>leto</strong></span> <span class='ocrx_word' id='word_1_159' title='bbox 454 1748 533 1779; x_wconf 80' lang='lat' dir='ltr'><strong>casura</strong></span> <span class='ocrx_word' id='word_1_160' title='bbox 542 1748 640 1788; x_wconf 81' lang='lat' dir='ltr'><strong>suorum,</strong></span> 
     </span>
    </p>

    <p class='ocr_par' dir='ltr' id='par_1_14' title="bbox 155 1795 754 1859">
     <span class='ocr_line' id='line_1_26' title="bbox 155 1795 754 1859; baseline 0.007 -14"><span class='ocrx_word' id='word_1_161' title='bbox 155 1795 259 1845; x_wconf 72' lang='lat' dir='ltr'><strong>Emeritb</strong></span> <span class='ocrx_word' id='word_1_162' title='bbox 264 1798 313 1859; x_wconf 86' lang='lat' dir='ltr'><strong>jam</strong></span> <span class='ocrx_word' id='word_1_163' title='bbox 323 1804 402 1851; x_wconf 83' lang='lat' dir='ltr'><strong>morte,</strong></span> <span class='ocrx_word' id='word_1_164' title='bbox 420 1803 496 1844; x_wconf 86' lang='lat' dir='ltr'><strong>tenet:</strong></span> <span class='ocrx_word' id='word_1_165' title='bbox 516 1804 565 1843; x_wconf 87' lang='lat' dir='ltr'><strong>tum</strong></span> <span class='ocrx_word' id='word_1_166' title='bbox 574 1799 675 1846; x_wconf 73' lang='lat' dir='ltr'><strong>munere·</strong></span> <span class='ocrx_word' id='word_1_167' title='bbox 682 1802 754 1849; x_wconf 88' lang='lat' dir='ltr'><strong>multo</strong></span> 
     </span>
    </p>

    <p class='ocr_par' dir='ltr' id='par_1_15' title="bbox 154 1860 821 1925">
     <span class='ocr_line' id='line_1_27' title="bbox 154 1860 821 1925; baseline 0.003 -16"><span class='ocrx_word' id='word_1_168' title='bbox 154 1860 310 1925; x_wconf 77' lang='lat' dir='ltr'><strong>Effirgientem</strong></span> <span class='ocrx_word' id='word_1_169' title='bbox 321 1862 416 1908; x_wconf 81' lang='lat' dir='ltr'><strong>animem</strong></span> <span class='ocrx_word' id='word_1_170' title='bbox 427 1862 500 1909; x_wconf 83' lang='lat' dir='ltr'><strong>lassos</strong></span> <span class='ocrx_word' id='word_1_171' title='bbox 509 1862 601 1924; x_wconf 83' lang='lat' dir='ltr'><strong>collegit</strong></span> <span class='ocrx_word' id='word_1_172' title='bbox 610 1865 634 1909; x_wconf 89' lang='lat' dir='ltr'><strong>in</strong></span> <span class='ocrx_word' id='word_1_173' title='bbox 644 1873 722 1924; x_wconf 80' lang='lat' dir='ltr'><strong>artue3</strong></span> <span class='ocrx_word' id='word_1_174' title='bbox 818 1908 821 1911; x_wconf 81' lang='grc'>,</span> 
     </span>
    </p>

    <p class='ocr_par' dir='ltr' id='par_1_16' title="bbox 157 1926 767 1988">
     <span class='ocr_line' id='line_1_28' title="bbox 157 1926 767 1988; baseline 0.003 -13"><span class='ocrx_word' id='word_1_175' title='bbox 157 1926 306 1988; x_wconf 82' lang='lat' dir='ltr'><strong>Membraque</strong></span> <span class='ocrx_word' id='word_1_176' title='bbox 316 1927 432 1973; x_wconf 86' lang='lat' dir='ltr'><strong>contendit</strong></span> <span class='ocrx_word' id='word_1_177' title='bbox 442 1933 498 1981; x_wconf 81' lang='lat' dir='ltr'><strong>toto,</strong></span> <span class='ocrx_word' id='word_1_178' title='bbox 510 1928 645 1988; x_wconf 90' lang='lat' dir='ltr'><strong>quicumque</strong></span> <span class='ocrx_word' id='word_1_179' title='bbox 654 1931 767 1987; x_wconf 76' lang='lat' dir='ltr'><strong>manebat,</strong></span> 
     </span>
    </p>

    <p class='ocr_par' dir='ltr' id='par_1_17' title="bbox 157 1989 734 2053">
     <span class='ocr_line' id='line_1_29' title="bbox 157 1989 734 2053; baseline 0.003 -14"><span class='ocrx_word' id='word_1_180' title='bbox 157 1992 279 2053; x_wconf 84' lang='lat' dir='ltr'><strong>Sanguine,</strong></span> <span class='ocrx_word' id='word_1_181' title='bbox 296 1999 320 2037; x_wconf 88' lang='lat' dir='ltr'><strong>et</strong></span> <span class='ocrx_word' id='word_1_182' title='bbox 328 1989 441 2046; x_wconf 68' lang='lat' dir='ltr'><strong>bostilem</strong></span> <span class='ocrx_word' id='word_1_183' title='bbox 459 1990 552 2039; x_wconf 78' lang='lat' dir='ltr'><strong>defectis</strong></span> <span class='ocrx_word' id='word_1_184' title='bbox 562 1994 641 2040; x_wconf 91' lang='lat' dir='ltr'><strong>robore</strong></span> <span class='ocrx_word' id='word_1_185' title='bbox 651 1996 734 2052; x_wconf 79' lang='lat' dir='ltr'><strong>nervia,</strong></span> 
     </span>
    </p>

    <p class='ocr_par' dir='ltr' id='par_1_18' title="bbox 158 2055 825 2121">
     <span class='ocr_line' id='line_1_30' title="bbox 158 2055 825 2121; baseline 0.006 -19"><span class='ocrx_word' id='word_1_186' title='bbox 158 2055 254 2112; x_wconf 72' lang='lat' dir='ltr'><strong>Insiluit,</strong></span> <span class='ocrx_word' id='word_1_187' title='bbox 272 2057 320 2104; x_wconf 87' lang='lat' dir='ltr'><strong>solo</strong></span> <span class='ocrx_word' id='word_1_188' title='bbox 335 2057 449 2103; x_wconf 88' lang='lat' dir='ltr'><strong>nociturus</strong></span> <span class='ocrx_word' id='word_1_189' title='bbox 459 2057 564 2118; x_wconf 73' lang='lat' dir='ltr'><strong>pondere,</strong></span> <span class='ocrx_word' id='word_1_190' title='bbox 580 2059 679 2121; x_wconf 87' lang='lat' dir='ltr'><strong>puppim.</strong></span> <span class='ocrx_word' id='word_1_191' title='bbox 821 2061 825 2067; x_wconf 84' lang='grc'><strong>’</strong></span> 
     </span>
    </p>

    <p class='ocr_par' dir='ltr' id='par_1_19' title="bbox 157 2121 738 2185">
     <span class='ocr_line' id='line_1_31' title="bbox 157 2121 738 2185; baseline 0.007 -16"><span class='ocrx_word' id='word_1_192' title='bbox 157 2121 239 2184; x_wconf 82' lang='lat' dir='ltr'><strong>Strage</strong></span> <span class='ocrx_word' id='word_1_193' title='bbox 249 2122 322 2169; x_wconf 73' lang='lat' dir='ltr'><strong>sinim</strong></span> <span class='ocrx_word' id='word_1_194' title='bbox 334 2121 446 2169; x_wconf 76' lang='lat' dir='ltr'><strong>cumulate</strong></span> <span class='ocrx_word' id='word_1_195' title='bbox 456 2122 516 2176; x_wconf 82' lang='lat' dir='ltr'><strong>retis,</strong></span> <span class='ocrx_word' id='word_1_196' title='bbox 532 2122 648 2185; x_wconf 86' lang='lat' dir='ltr'><strong>multoque</strong></span> <span class='ocrx_word' id='word_1_197' title='bbox 658 2139 738 2172; x_wconf 82' lang='lat' dir='ltr'><strong>cruore</strong></span> 
     </span>
    </p>

    <p class='ocr_par' dir='ltr' id='par_1_20' title="bbox 158 2184 759 2251">
     <span class='ocr_line' id='line_1_32' title="bbox 158 2184 759 2251; baseline 0.005 -17"><span class='ocrx_word' id='word_1_198' title='bbox 158 2184 236 2242; x_wconf 81' lang='lat' dir='ltr'><strong>Plena,</strong></span> <span class='ocrx_word' id='word_1_199' title='bbox 252 2202 294 2249; x_wconf 90' lang='lat' dir='ltr'><strong>per</strong></span> <span class='ocrx_word' id='word_1_200' title='bbox 304 2187 418 2247; x_wconf 85' lang='lat' dir='ltr'><strong>obliquum</strong></span> <span class='ocrx_word' id='word_1_201' title='bbox 429 2188 518 2234; x_wconf 88' lang='lat' dir='ltr'><strong>crebros</strong></span> <span class='ocrx_word' id='word_1_202' title='bbox 528 2188 587 2234; x_wconf 83' lang='lat' dir='ltr'><strong>letus</strong></span> <span class='ocrx_word' id='word_1_203' title='bbox 597 2190 678 2251; x_wconf 83' lang='lat' dir='ltr'><strong>accipit</strong></span> <span class='ocrx_word' id='word_1_204' title='bbox 687 2191 759 2237; x_wconf 80' lang='lat' dir='ltr'><strong>ictus:</strong></span> 
     </span>
    </p>
   </div>
   <div class='ocr_carea' id='block_1_5' title="bbox 75 2250 763 2315">
    <p class='ocr_par' dir='ltr' id='par_1_21' title="bbox 75 2250 763 2315">
     <span class='ocr_line' id='line_1_33' title="bbox 75 2250 763 2315; baseline 0.003 -16"><span class='ocrx_word' id='word_1_205' title='bbox 75 2262 77 2271; x_wconf 76' lang='grc'><em>“</em></span> <span class='ocrx_word' id='word_1_206' title='bbox 157 2250 197 2306; x_wconf 80' lang='lat' dir='ltr'><strong>At,</strong></span> <span class='ocrx_word' id='word_1_207' title='bbox 214 2260 332 2313; x_wconf 87' lang='lat' dir='ltr'><strong>postquam</strong></span> <span class='ocrx_word' id='word_1_208' title='bbox 343 2252 414 2313; x_wconf 83' lang='lat' dir='ltr'><strong>ruptis</strong></span> <span class='ocrx_word' id='word_1_209' title='bbox 423 2252 517 2314; x_wconf 69' lang='lat' dir='ltr'><strong>pelagus</strong></span> <span class='ocrx_word' id='word_1_210' title='bbox 528 2254 673 2315; x_wconf 80' lang='lat' dir='ltr'><strong>compagibus</strong></span> <span class='ocrx_word' id='word_1_211' title='bbox 683 2255 763 2310; x_wconf 71' lang='lat' dir='ltr'><strong>bausit,</strong></span> 
     </span>
    </p>
   </div>
   <div class='ocr_carea' id='block_1_6' title="bbox 106 2316 828 2625">
    <p class='ocr_par' dir='ltr' id='par_1_22' title="bbox 157 2316 828 2505">
     <span class='ocr_line' id='line_1_34' title="bbox 157 2316 828 2378; baseline 0.006 -14"><span class='ocrx_word' id='word_1_212' title='bbox 157 2316 197 2364; x_wconf 84' lang='lat' dir='ltr'><strong>Ad</strong></span> <span class='ocrx_word' id='word_1_213' title='bbox 205 2330 304 2369; x_wconf 73' lang='lat' dir='ltr'><strong>summor</strong></span> <span class='ocrx_word' id='word_1_214' title='bbox 316 2317 399 2378; x_wconf 80' lang='lat' dir='ltr'><strong>repleto</strong></span> <span class='ocrx_word' id='word_1_215' title='bbox 408 2316 477 2372; x_wconf 75' lang='lat' dir='ltr'><strong>toros,</strong></span> <span class='ocrx_word' id='word_1_216' title='bbox 494 2317 609 2374; x_wconf 73' lang='lat' dir='ltr'><strong>depeendit</strong></span> <span class='ocrx_word' id='word_1_217' title='bbox 618 2319 643 2365; x_wconf 93' lang='lat' dir='ltr'><strong>in</strong></span> <span class='ocrx_word' id='word_1_218' title='bbox 653 2320 731 2375; x_wconf 74' lang='lat' dir='ltr'><strong>under,</strong></span> <span class='ocrx_word' id='word_1_219' title='bbox 775 2324 828 2368; x_wconf 75' lang='lat' dir='ltr'><strong>oto</strong></span> 
     </span>
     <span class='ocr_line' id='line_1_35' title="bbox 158 2380 715 2445; baseline 0.011 -19"><span class='ocrx_word' id='word_1_220' title='bbox 158 2380 267 2427; x_wconf 90' lang='lat' dir='ltr'><strong>Vicinum</strong></span> <span class='ocrx_word' id='word_1_221' title='bbox 277 2382 396 2429; x_wconf 84' lang='lat' dir='ltr'><strong>involvens</strong></span> <span class='ocrx_word' id='word_1_222' title='bbox 406 2388 512 2429; x_wconf 81' lang='lat' dir='ltr'><strong>contorto</strong></span> <span class='ocrx_word' id='word_1_223' title='bbox 519 2383 605 2429; x_wconf 87' lang='lat' dir='ltr'><strong>vertice</strong></span> <span class='ocrx_word' id='word_1_224' title='bbox 613 2390 715 2445; x_wconf 72' lang='lat' dir='ltr'><strong>pontum</strong></span> 
     </span>
     <span class='ocr_line' id='line_1_36' title="bbox 159 2444 664 2505; baseline 0.008 -14"><span class='ocrx_word' id='word_1_225' title='bbox 159 2444 263 2505; x_wconf 85' lang='lat' dir='ltr'><strong>AEquora</strong></span> <span class='ocrx_word' id='word_1_226' title='bbox 273 2446 389 2493; x_wconf 87' lang='lat' dir='ltr'><strong>discedunt</strong></span> <span class='ocrx_word' id='word_1_227' title='bbox 399 2445 474 2493; x_wconf 71' lang='lat' dir='ltr'><strong>mersi</strong></span> <span class='ocrx_word' id='word_1_228' title='bbox 483 2446 574 2494; x_wconf 86' lang='lat' dir='ltr'><strong>diducta</strong></span> <span class='ocrx_word' id='word_1_229' title='bbox 583 2447 664 2502; x_wconf 80' lang='lat' dir='ltr'><strong>carini,</strong></span> 
     </span>
    </p>

    <p class='ocr_par' dir='ltr' id='par_1_23' title="bbox 106 2508 794 2625">
     <span class='ocr_line' id='line_1_37' title="bbox 106 2508 794 2576; baseline 0.01 -21"><span class='ocrx_word' id='word_1_230' title='bbox 106 2536 110 2544; x_wconf 87' lang='lat'><strong>·</strong></span> <span class='ocrx_word' id='word_1_231' title='bbox 160 2508 234 2570; x_wconf 88' lang='lat' dir='ltr'><strong>Inque</strong></span> <span class='ocrx_word' id='word_1_232' title='bbox 243 2510 318 2557; x_wconf 90' lang='lat' dir='ltr'><strong>locum</strong></span> <span class='ocrx_word' id='word_1_233' title='bbox 329 2512 409 2573; x_wconf 85' lang='lat' dir='ltr'><strong>puppis</strong></span> <span class='ocrx_word' id='word_1_234' title='bbox 419 2512 500 2558; x_wconf 86' lang='lat' dir='ltr'><strong>cecidit</strong></span> <span class='ocrx_word' id='word_1_235' title='bbox 509 2527 585 2570; x_wconf 83' lang='lat' dir='ltr'><strong>mare3</strong></span> <span class='ocrx_word' id='word_1_236' title='bbox 603 2512 794 2576; x_wconf 80' lang='lat' dir='ltr'><strong>multsqueponto</strong></span> 
     </span>
     <span class='ocr_line' id='line_1_38' title="bbox 162 2574 609 2625; baseline 0.009 -4"><span class='ocrx_word' id='word_1_237' title='bbox 162 2574 263 2623; x_wconf 71' lang='lat' dir='ltr'><strong>Praebuit</strong></span> <span class='ocrx_word' id='word_1_238' title='bbox 273 2575 311 2621; x_wconf 87' lang='lat' dir='ltr'><strong>ille</strong></span> <span class='ocrx_word' id='word_1_239' title='bbox 322 2574 369 2623; x_wconf 74' lang='lat' dir='ltr'><strong>dies</strong></span> <span class='ocrx_word' id='word_1_240' title='bbox 379 2576 435 2622; x_wconf 85' lang='lat' dir='ltr'><strong>varii</strong></span> <span class='ocrx_word' id='word_1_241' title='bbox 445 2577 553 2623; x_wconf 79' lang='lat' dir='ltr'><strong>miracula</strong></span> <span class='ocrx_word' id='word_1_242' title='bbox 561 2577 609 2625; x_wconf 81' lang='lat' dir='ltr'><strong>fati.</strong></span> 
     </span>
    </p>
   </div>
   <div class='ocr_carea' id='block_1_7' title="bbox 194 2638 793 2706">
    <p class='ocr_par' dir='ltr' id='par_1_24' title="bbox 194 2638 793 2706">
     <span class='ocr_line' id='line_1_39' title="bbox 194 2638 793 2706; baseline 0.008 -19"><span class='ocrx_word' id='word_1_243' title='bbox 194 2638 277 2687; x_wconf 79' lang='lat' dir='ltr'><strong>Ferrea</strong></span> <span class='ocrx_word' id='word_1_244' title='bbox 288 2639 341 2689; x_wconf 84' lang='lat' dir='ltr'><strong>dum</strong></span> <span class='ocrx_word' id='word_1_245' title='bbox 352 2641 422 2704; x_wconf 78' lang='lat' dir='ltr'><strong>puppi</strong></span> <span class='ocrx_word' id='word_1_246' title='bbox 430 2641 525 2706; x_wconf 73' lang='lat' dir='ltr'><strong>rapidos·</strong></span> <span class='ocrx_word' id='word_1_247' title='bbox 532 2656 612 2693; x_wconf 80' lang='lat' dir='ltr'><strong>manus</strong></span> <span class='ocrx_word' id='word_1_248' title='bbox 622 2644 704 2696; x_wconf 78' lang='lat' dir='ltr'><strong>inserit</strong></span> <span class='ocrx_word' id='word_1_249' title='bbox 712 2658 793 2701; x_wconf 78' lang='lat' dir='ltr'><strong>uncos,</strong></span> 
     </span>
    </p>
   </div>
   <div class='ocr_carea' id='block_1_8' title="bbox 0 0 962 2950">
    <p class='ocr_par' dir='ltr' id='par_1_25' title="bbox 0 0 962 2950">
     <span class='ocr_line' id='line_1_40' title="bbox 0 0 962 2950; baseline 0 0"><span class='ocrx_word' id='word_1_250' title='bbox 0 0 962 2950; x_wconf 95' lang='lat' dir='ltr'><strong> </strong></span> 
     </span>
    </p>
   </div>
  </div>
 </body>
</html>
