1884 2950
170 126 220 176 Μ
381 121 634 174 SUPPLEMENTI

170 252 298 303 Brutorum
307 255 405 318 generis,
416 256 570 318 libertatisque
579 260 703 318 petentem,

172 319 291 371 Romanos
303 321 388 383 primus
399 321 543 382 qui-nomine
554 323 653 370 consulis
665 337 737 372 annos

172 385 291 448 signavit:
311 388 413 450 proprios
424 394 496 439 natos,
509 387 562 434 dum
575 401 645 450 regns
655 387 773 446 fovebant,

173 451 289 513 Supplicio
301 452 393 498 effectos
405 453 515 514 spectavit
525 451 601 500 fronte
613 452 698 512 serenti.

173 513 247 564 Exuit
258 518 295 563 ille
304 527 391 579 putrem
404 517 497 572 Brutus,
510 517 563 564 dum
575 519 631 566 civis
640 519 715 566 haberi

174 581 234 629 Vult
244 583 301 646 pins
320 584 358 630 An
370 584 409 630 tibi
420 584 471 644 plus
484 590 537 630 sunt
548 599 641 630 munere
654 581 760 642 Caesaris,
771 585 814 634 ills

174 646 251 702 Quium
263 647 353 696 Natura
363 649 425 695 fuit?
443 649 483 696 sed
489 649 573 711 justior
585 649 640 695 ultio
652 656 730 696 nostre

172 711 288 774 Tempore
293 715 342 775 jorn
353 714 413 760 factu
423 722 466 761 est.
495 713 541 762 Pro
552 714 654 760 libertate
665 713 764 772 vetusti,

173 777 222 826 Tot
230 778 361 841 confirmati
371 794 461 841 msgnae
473 795 513 842 per
524 778 607 826 saeculs
618 778 710 834 Romae,

175 843 238 899 Quid
250 860 311 891 nunc
322 845 407 906 egisset
418 843 512 899 Brutus,
524 846 561 906 qui
572 843 625 890 talis
635 843 696 898 fecit,

175 906 236 958 Cum
250 925 310 956 nova
320 910 416 964 libertus,
429 919 452 957 et
463 926 530 972 reges
543 925 613 970 nuper
625 909 714 960 abacti?

175 973 231 1022 Hsc
241 978 477 1038 postqusmjnvenem
490 975 591 1022 flexisset
603 972 697 1022 Cassius
708 982 765 1033 erte,

176 1038 237 1090 Cum
251 1040 349 1088 Decimo
361 1058 465 1104 proceres
478 1041 557 1100 reliqui
569 1035 661 1096 venere,
672 1039 772 1108 datique

176 1104 325 1169 Acceptisque
335 1105 379 1154 fide
391 1114 515 1154 sanxerunt
525 1105 612 1154 foeders
623 1107 684 1163 dirs;

175 1167 210 1218 Et
217 1171 342 1220 libertatem
353 1173 466 1227 emissam,
477 1187 545 1234 qusm
557 1171 668 1235 sunguine
679 1177 745 1220 tuoto

175 1235 225 1284 Tot
235 1237 299 1283 bellis
309 1237 392 1286 frustrs
403 1239 545 1299 quaesissent,
556 1253 652 1298 quaeque
663 1235 769 1284 Deorum

176 1299 285 1350 Decretis
296 1319 412 1363 nunquam
425 1303 524 1350 reditura
534 1302 653 1363 reliquerat
665 1302 751 1357 orbem,
914 1349 915 1354 ,

177 1363 277 1417 Caessris
289 1366 380 1415 infandi
391 1369 478 1430 decepti
490 1367 553 1416 caede
564 1369 688 1430 requirunt
915 1369 916 1414 i

133 1460 135 1467 ι
209 1431 307 1495 Jamque
314 1435 492 1497 propinquabunt
504 1433 587 1481 Mortis
598 1433 645 1488 tibi,
653 1432 754 1483 maxime
764 1427 855 1494 Cesar,
916 1440 917 1470 i

175 1496 267 1548 Fstsles
278 1500 342 1556 idus;
360 1515 402 1547 nec
414 1508 478 1548 tunts
487 1500 594 1547 instantis
605 1505 701 1561 possunt

177 1563 269 1613 Funers
281 1563 323 1611 Dii
334 1566 421 1622 celore3
439 1566 487 1611 dies
501 1566 643 1611 necvstihus
654 1563 694 1611 illa

177 1629 357 1692 Auguribusque
368 1631 446 1677 venire
456 1637 534 1692 potest
544 1631 639 1692 ignote;
656 1629 780 1691 loquuntur

177 1694 234 1743 Hoc
246 1695 319 1742 solitae
332 1697 441 1750 volucres,
453 1695 497 1741 hoc
508 1706 562 1741 exta
573 1696 670 1743 minucis
678 1693 755 1743 fetum·

179 1758 234 1808 Has
244 1761 294 1807 idus
305 1760 388 1809 frustra
399 1761 487 1807 monuit
500 1760 613 1823 Spurinna
624 1760 748 1809 timendtss:

179 1826 221 1874 Sol
232 1842 322 1887 quoque
332 1834 415 1875 moestu
425 1826 487 1872 dedit
497 1832 567 1873 tentae
578 1824 690 1887 praesugis
700 1822 795 1877 morttss

176 1890 281 1953 Lugenti
294 1892 397 1946 similem,
408 1889 497 1938 madidi
508 1906 568 1937 nunc
580 1891 636 1939 iride
646 1890 755 1949 cinctum,

176 1955 249 2006 Nunc
261 1965 328 2020 csput
339 1954 435 2005 obscuri
445 1965 531 2005 tectum
541 1956 663 2019 ferrugine
676 1954 749 2003 solens

177 2022 281 2071 Attoniti
292 2020 370 2071 videre
380 2023 499 2080 homiues;
516 2022 659 2085 pecudesque
670 2020 767 2072 locuta:

178 2084 314 2136 Destituere
325 2104 404 2137 amnes
414 2104 521 2145 cursum;
539 2095 651 2149 terraeque
661 2100 772 2137 cavernas

177 2152 277 2215 Spiritus
284 2170 405 2216 erumpens
415 2156 539 2201 detexeret.
573 2152 650 2204 Imbre
660 2160 790 2201 cumesses·

178 2217 294 2267 Eridanus
306 2220 380 2267 subito
391 2221 479 2267 vicinos
489 2228 598 2267 merserat
609 2232 676 2281 egros
682 2234 691 2275 ;

178 2282 214 2331 Et
225 2281 299 2331 subitd
310 2284 338 2330 sd
349 2286 407 2347 ripss
418 2286 507 2332 rediens
518 2301 559 2349 per
569 2293 633 2347 prsts
643 2282 734 2344 reliquit

178 2344 316 2395 Innumeros
326 2364 420 2411 angues,
432 2358 456 2399 et
465 2350 597 2413 prodigiosa
607 2351 725 2411 nigrorum

179 2409 283 2472 corpora
294 2424 423 2475 serpentum
433 2435 439 2462 s
459 2416 553 2465 totidem
565 2431 635 2477 prope
646 2412 748 2461 Tibridis.
756 2427 797 2463 ort

178 2473 295 2523 Destituit
305 2480 378 2541 pisces
389 2479 485 2527 refluum
497 2497 560 2529 mere
570 2482 636 2529 litore
646 2479 714 2527 sicco.

180 2535 310 2588 cesaream
321 2545 425 2605 propiore
436 2561 515 2593 necem
527 2547 568 2593 sed
579 2547 645 2608 signs
655 2543 772 2593 mutent

181 2600 245 2649 Nam
256 2620 314 2665 qnos
325 2608 399 2657 victor
410 2626 481 2671 equos
492 2610 557 2659 fusito
569 2608 648 2659 Marte
658 2606 759 2657 sscrirst

183 2663 271 2725 ew»
281 2677 305 2719 ei
314 2674 423 2727 flmssiiim
432 2675 499 2728 beili&
508 2677 642 2741 peimideddi
651 2672 700 2725 &iifl

45 2752 121 2915 h
