1884 2950
276 133 549 191 PHARSALIAELn
561 137 610 188 nt
738 141 773 196 45

112 265 219 316 Chaonio
230 273 320 316 veteres
328 267 443 330 liquorum
452 270 538 316 vertice
549 270 643 317 Sellus*
667 279 691 288 ·“
730 268 778 316 iso

111 331 229 380 Exhausit
238 339 299 386 totas
309 335 412 394 quamvis
422 335 525 380 delectus
534 333 645 389 Athenas,

62 415 81 426 ··
93 415 100 424 ·
110 396 215 458 Exigua
228 396 328 444 Plroebea
338 405 417 445 tenent
427 399 515 446 naualia
525 414 621 460 puppes;
691 422 698 432 ⁴

106 460 217 522 ¹'l'resque
227 469 308 523 petunt
318 477 394 510 veram
405 464 465 509 credi
478 463 592 510 Salamina
601 465 693 510 carina.
777 494 779 501 ·

110 525 166 574 Jam
177 525 261 573 dilecta
270 525 324 574 Jovi
334 529 436 574 centenis
447 529 543 574 venitin
553 543 617 574 anna

110 588 186 657 Creta
194 598 262 638 vetus
271 593 365 653 populiq
383 593 522 653 Gnososque
530 594 617 654 agitare
624 593 742 655 pharetras

109 654 198 711 Docta,
205 655 209 662 '
216 671 260 703 nec
271 655 329 703 Eois
339 659 402 720 pejor
413 657 520 717 Gortyna
529 658 624 719 sagittis.

110 719 179 768 Tunc
186 721 230 784 vqui
243 719 382 768 Dardaniam
393 729 456 770 tenet
467 722 566 778 Oricon3
583 729 607 768 et
616 737 690 783 vagus
699 721 753 774 altis

110 782 241 847 Dispersus
251 785 313 832 silvis
324 785 441 840 Athamas,
458 794 483 832 et
493 788 584 835 nomine
593 787 668 848 prisco

109 848 239 905 Encheliae,
249 852 309 896 versi
319 859 428 898 testantes
437 850 518 898 funera
529 849 622 907 Cadmi;

13 899 15 914 Ι
111 911 206 962 Colchis
214 913 628 978 etHadriaoasspumansAbayrtoain
637 915 774 972 undas3190

112 977 184 1025 Penei
195 980 235 1039 qui
246 994 299 1025 rura
309 980 392 1036 colunt,
408 997 549 1041 quorumque
558 981 634 1027 labore

108 1041 239 1095 Thessalus
249 1041 395 1093 Haemoniam
404 1061 485 1091 vomer
493 1046 617 1106 proscindit
627 1043 713 1091 Iolcon.

110 1105 169 1154 Inde
180 1108 310 1156 lacessitum
321 1110 393 1170 primo
404 1125 473 1164 mare,
484 1123 536 1155 cum
547 1110 608 1156 rudis
618 1109 685 1170 Argo
767 1145 772 1150 -

110 1171 210 1220 Miscuit
220 1174 310 1234 ignotas,
321 1179 430 1221 temerato
440 1175 507 1220 litore
516 1181 604 1236 gentes,

111 1235 236 1298 Primaque
246 1252 298 1282 cum
309 1239 389 1286 ventis.
406 1238 524 1300 pelagique
533 1238 658 1284 liarentrlius
666 1237 740 1294 undu,

109 1296 249 1363 Composuit
258 1303 353 1350 mortale
363 1318 442 1364 genus,
459 1303 555 1363 latisque
564 1318 605 1363 per
614 1303 674 1349 illam

108 1365 217 1414 Accessit
226 1382 288 1414 mors
298 1381 343 1414 una
353 1375 431 1414 ratem.
464 1367 531 1414 Tunc
544 1368 652 1427 linquitur
663 1366 762 1413 Haemus

107 1429 228 1495 Thracius,
245 1439 269 1478 et
278 1432 385 1494 populum
397 1431 485 1480 Pnoloa
495 1431 723 1480 mentitabiformem.
767 1447 770 1451 ·

107 1496 232 1543 Deseritur
244 1496 352 1557 Strymon
362 1500 437 1560 tepido
448 1499 588 1544 committere
599 1496 654 1544 Nilo

107 1560 227 1616 Bistonias
238 1569 360 1609 consuetus
369 1578 429 1617 ovas,
447 1570 470 1608 et
481 1560 581 1609 Barbara
592 1559 673 1620 (Σοῦος
722 1564 771 1608 200

108 1627 246 1673 Sarmaticas
259 1628 296 1673 ubi
306 1628 380 1688 perdit
391 1642 465 1689 aquas,
483 1639 627 1689 sparsamque
636 1626 748 1689 proiitndo

106 1690 220 1748 Multifidi
232 1690 323 1742 Peucen
334 1708 403 1740 unum
414 1700 482 1754 caput
492 1691 563 1738 adluit
574 1690 649 1738 Histri
658 1710 667 1740 a

106 1755 240 1819 Mysiaque,
256 1765 280 1803 et
290 1756 365 1817 gelida
376 1758 442 1805 tellus
452 1757 541 1819 perlirsa
554 1754 626 1805 Caico

107 1819 186 1875 Idalia,
202 1829 226 1867 et
237 1822 330 1867 nimium
340 1822 412 1885 glebis
423 1823 488 1869 exilis
499 1822 588 1869 Arisbe

107 1884 200 1945 Quique
210 1886 288 1933 colunt
299 1886 402 1941 Pitanen,
413 1894 437 1934 et
447 1902 499 1947 quae
510 1895 549 1933 tua
559 1901 658 1941 munera,
670 1884 752 1940 Pallas,

106 1948 131 1997 L
177 1956 203 1996 nt
212 1951 325 1998 &mnatre
336 1950 424 1998 Phoebo
434 1952 521 1999 victore
531 1948 644 1999 celena:

173 2015 232 2071 celer
242 2023 266 2061 et
276 2017 344 2063 rectis
354 2016 492 2063 descendens
503 2016 599 2075 Marsya
608 2016 662 2075 ripis

107 2078 231 2127 Errantem
243 2078 379 2126 Maeandron
390 2082 442 2135 adit,
459 2081 589 2139 mixtusque
599 2079 707 2126 referturr

109 2142 225 2203 Passaque
236 2145 263 2191 ab
273 2144 374 2191 auriferis
384 2146 451 2191 tellus
462 2146 524 2191 exire
533 2144 630 2190 metallis

108 2207 232 2255 Pactolon:
250 2208 294 2269 qui
305 2210 365 2256 culta
374 2218 436 2255 secat
447 2224 493 2255 non
504 2210 569 2255 vilior
582 2207 690 2254 Hermus.
718 2208 770 2257 2i0

106 2271 184 2321 Iliacae
192 2288 286 2333 quoque
293 2275 359 2335 signa
369 2288 455 2328 manus,
471 2275 615 2334 perituraque
624 2279 697 2319 castra

106 2336 226 2385 ornianus
236 2335 321 2399 petiere
332 2340 393 2385 suis:
413 2352 455 2385 neo
465 2338 541 2384 fabula
551 2336 629 2399 Trojae

106 2399 232 2459 continuit,
251 2402 390 2464 Phrygiique
400 2402 475 2450 ferens
486 2418 511 2449 se
522 2400 601 2449 Caesar
612 2400 664 2449 liiii.
700 2391 714 2460 ,¹
738 2393 747 2466 ⁹,

138 2466 258 2513 Accedunt
269 2467 342 2527 Syrioe
352 2467 435 2528 populi,
452 2468 555 2513 desertus
565 2464 670 2519 Orontes,

103 2530 138 2581 Et
146 2530 207 2589 felir,
224 2532 256 2577 sic
266 2532 332 2586 lama,
350 2531 441 2587 Ninos;
458 2538 553 2577 ventosa
559 2528 693 2582 Damascos,

105 2596 223 2654 Gazaque,
239 2602 263 2641 at
273 2597 363 2642 arbusto
373 2596 501 2657 palmarum
511 2594 574 2639 dives
585 2591 671 2645 Idume,
760 2641 764 2649 Δ

105 2659 138 2709 Et
148 2656 224 2721 Tyros
235 2660 350 2721 instabilis,
366 2660 509 2731 pretiosaque
518 2658 603 2703 murice
615 2655 695 2716 Sidon,
706 2706 709 2713 ,
755 2708 759 2715 Ι
