1884 2950
143 171 194 218 21⁸
410 153 551 210 Lucam

62 287 67 302 ’
145 293 305 349 stemmata
315 292 392 357 parvis
401 293 451 340 fera
459 289 543 338 nobrls
553 287 629 336 abitu
639 283 750 342 claustris,
820 279 828 286 '

145 363 181 414 Et
189 361 275 425 frangit
284 361 374 408 rabidos
382 371 509 422 memoras
519 368 611 402 earcere
620 353 706 400 alenam.

144 429 199 480 Nee
206 443 272 475 serus
281 427 306 473 in
318 425 401 472 Siculis
409 423 496 470 fureret
505 427 545 468 tua
554 418 646 466 flamma
657 416 767 469 cavernis,

146 495 282 544 Obstrueret
293 505 404 539 summam
415 487 496 550 siquis
507 486 554 540 uhi,
566 483 687 539 Mulciber,
696 481 805 530 AEtnnm.

147 560 233 613 Audax
242 557 369 605 Thessalici
378 569 451 616 nuper
461 553 501 614 qui
510 565 566 612 rupe
573 551 615 597 sub
626 547 713 604 Haemi,
733 565 735 570 ’

148 625 273 689 Hesperiae'
279 629 374 671 cunctos
383 633 496 682 proceres,
508 615 625 676 aciemque
636 613 735 668 senatus,
769 613 824 660 450

150 692 332 754 Pompeiumque
341 688 429 740 durem,
441 681 521 731 eaussi
532 692 622 743 sperare
631 685 731 735 vetante,

149 758 208 808 Non
219 755 301 809 timuit,
310 753 429 811 latumque
440 749 480 795 sali
491 747 595 810 protrusit
605 745 715 806 iniquum,

151 823 256 887 Expavit
266 815 433 873 servilenefas3
449 815 554 874 intraque
564 817 658 874 penates

152 889 263 939 Obruitur
274 885 332 938 telis,
343 896 411 942 quem
422 894 469 926 nou
482 877 588 925 violisset
599 875 694 929 Alanus,
764 897 767 902 ·
814 877 817 883 ’

151 955 210 1006 Non
223 952 316 1013 Scytha,
327 963 381 1001 non,
393 945 439 992 lixo
445 945 484 1006 qui
494 943 552 994 ludit
561 943 586 988 in
596 939 692 1002 hospite,
703 937 813 985 manna.

154 1021 211 1076 Hic,
222 1019 259 1066 cui
267 1014 367 1063 Romani
379 1011 477 1074 spatirrm
489 1023 535 1054 non
547 1006 636 1054 subfioit
646 1005 712 1059 orbis,

153 1088 275 1146 Parvaque
284 1095 358 1143 regna
365 1084 439 1140 putat,
447 1073 528 1134 Tyriis
538 1086 590 1118 eum
603 1070 705 1118 Garlibus
716 1067 796 1121 lntlos,

156 1152 208 1203 ceu
217 1165 274 1214 puer
279 1145 376 1200 inbellis,
387 1154 429 1189 eeu
440 1136 604 1201 captisremina
614 1135 692 1190 muris,

156 1219 249 1275 Quaerit
258 1220 309 1261 tuta
316 1209 410 1258 lomus:
425 1219 488 1268 spem
498 1204 554 1248 vitae
564 1202 588 1247 in
598 1201 679 1262 limine
687 1198 764 1246 clauso
827 1247 830 1251 ⁴

157 1284 235 1338 Ponit,
247 1287 271 1328 et
279 1281 368 1326 inserto
377 1274 459 1320 lustrat
468 1281 542 1329 sagus
553 1266 611 1313 atria
621 1277 705 1321 eursu;
775 1264 829 1310 460

158 1349 215 1399 Non
227 1348 276 1394 sine
287 1358 341 1404 rege
350 1347 428 1386 tamen
434 1351 443 1396 ;
454 1349 522 1396 quem
534 1332 597 1378 ducit
606 1331 630 1378 in
642 1329 719 1377 omnia
729 1341 816 1384 seeum,

157 1416 281 1464 Sumturus
289 1421 378 1470 poenas,
389 1410 413 1450 et
423 1407 489 1464 grata
498 1397 586 1461 piaeula
595 1395 675 1453 morti;

157 1481 319 1537 Missurusque
328 1480 400 1525 tuum,
412 1469 430 1515 si
441 1482 488 1514 non
500 1465 545 1511 sint
554 1461 607 1517 tela,
618 1476 661 1509 nee
670 1460 745 1524 ignea,

158 1546 190 1596 In
199 1543 304 1605 famulos,
316 1536 449 1589 Ptolemaee,
460 1537 536 1593 eaput.
568 1528 606 1575 Sic
617 1527 711 1573 barbara
722 1521 818 1573 Colchis

160 1610 275 1663 Creditur,
286 1605 383 1653 ultorem
394 1606 500 1647 metuens
511 1590 745 1657 regniquefugssqne,
764 1643 773 1655 ο

158 1674 226 1727 Ense
237 1688 285 1726 suo,
295 1669 416 1729 fratrisque
426 1662 494 1711 simul
504 1659 593 1707 cervice
602 1655 688 1718 parati,

266 1737 275 1752 “
291 1752 316 1783 se
324 1741 420 1797 patrem.
453 1726 550 1789 Cogunt
559 1730 636 1769 tamen
646 1721 728 1767 rrltirna
737 1730 814 1767 rerum

161 1807 232 1870 Spem
242 1803 304 1868 pacis
315 1805 403 1847 tentare
413 1788 510 1851 luserim
526 1790 654 1852 missusque
663 1784 755 1833 satelles

160 1872 260 1934 Regius,
270 1874 296 1914 ut
307 1878 382 1927 saevos
392 1859 492 1908 absentis
499 1870 557 1903 voee
564 1852 656 1915 tyranni

163 1935 300 1997 &aripret
309 1928 414 1982 famulos,
424 1940 470 1986 quo
477 1920 562 1969 bellurn
572 1924 665 1966 auctore
675 1920 802 1963 monuerit.

162 2003 210 2051 Sed
221 1998 341 2062 nequejus
351 1992 431 2041 muudi
440 1988 519 2043 valuit,
530 2000 574 2033 nec
583 1983 670 2051 laudere
681 1987 760 2029 saneta
782 1976 830 2027 471

162 2066 291 2117 Geutrlus':
311 2067 388 2109 orator
397 2056 465 2119 regis,
476 2052 583 2116 pacisque
593 2054 716 2110 sequester,

127 2170 131 2177 -
163 2132 275 2181 AEstimat
285 2130 310 2175 in
320 2137 417 2173 numero
428 2120 538 2168 scelerum
544 2115 649 2179 ponenda
658 2120 758 2165 tuomm,

162 2196 212 2246 Tot
222 2193 337 2248 monstris,
348 2189 460 2250 AEgypte,
467 2194 560 2232 nocens.
572 2178 629 2227 Non
636 2165 835 2231 Thessalatellus,

163 2262 283 2322 Vastaque
293 2271 365 2319 regna
374 2252 449 2306 Jubae,
460 2264 508 2297 non
520 2247 616 2301 Pontus,
627 2250 652 2293 et
660 2241 724 2305 inpia
733 2241 801 2303 signs

163 2326 297 2380 Plrarnaeis
308 2328 331 2369 et
342 2320 418 2383 gelido
428 2313 574 2364 circumfluus
584 2310 644 2358 orbis
655 2307 745 2355 Hibero
786 2308 793 2317 '

162 2391 265 2442 Tantum
273 2403 341 2437 ausus
347 2384 471 2438 scelerum3
480 2394 527 2427 non
535 2376 610 2439 Syrtis
616 2374 714 2427 barbara,
722 2367 837 2432 quantum

162 2457 262 2507 Delitiae
271 2450 348 2502 fecere
358 2456 412 2497 tuae.
446 2445 534 2495 Premit
544 2440 644 2502 undique
653 2437 755 2493 bellum3

164 2521 240 2583 Inque
250 2518 399 2579 domumjam
409 2512 456 2560 tela
465 2512 556 2565 cadunt,
567 2510 720 2569 quassantque
730 2505 838 2565 penam.

164 2585 223 2633 Non
233 2585 291 2632 aries
301 2584 349 2629 uno
358 2585 462 2628 ussurus
467 2576 547 2623 limina
555 2571 630 2636 pulsu,
783 2566 838 2613 480

163 2649 334 2709 Faunusque
344 2646 453 2700 domum
468 2656 517 2697 non
524 2638 573 2689 ¹ulla
583 2642 619 2686 est
629 2632 734 2683 mutina
742 2628 812 2681 bolis

165 2713 220 2764 Nec
229 2711 328 2763 flammis
337 2708 457 2759 mnndum
466 2719 539 2771 spurt
557 2702 598 2753 sed
608 2699 788 2765 semiustam·
