1884 2950
296 159 509 211 PHARSALIAE
519 161 573 210 Lm.
584 161 617 210 X.
744 165 793 214 217

114 287 190 339 Nulla
200 291 257 340 fides
266 294 384 355 pu'etssque
394 294 450 340 viris
460 295 500 354 qui
511 299 585 340 castis
596 297 737 354 sequuntur‚'
773 299 775 306 “

115 345 264 419 Venalesque
273 374 369 406 manus:
388 359 419 405 ibi
429 359 471 414 lus,
483 359 520 405 ubi
531 360 631 405 maxima
642 373 742 407 merces:
766 374 767 380 ¹

115 422 176 469 AEre
184 432 275 471 merent
286 441 373 486 parvo3
385 425 538 487 jugulumque
548 425 571 469 in
585 423 683 471 Coeseris
693 425 727 472 ire

115 487 174 534 Nou
185 490 227 536 sibi
237 490 306 536 dant:
326 488 368 551 prd
377 488 427 536 sas!
446 491 484 535 ubi
496 503 542 535 non
553 489 628 535 civilia
638 490 696 536 bella
737 493 787 538 410

114 551 213 600 Invenit
221 555 301 616 inperii
311 555 384 601 samm
394 554 523 600 miserabile
533 553 623 600 nostri?

115 617 244 666 Thessaliae
255 620 365 666 subducta
375 620 435 666 acies
445 621 469 665 in
480 619 547 666 litore
559 618 607 664 Nili

115 683 188 731 More
198 684 254 731 furit
262 686 343 746 patrio.
376 683 441 738 Quid
450 685 501 745 plus
513 691 542 738 te,
555 683 651 745 Magne,
663 693 754 748 recepto

116 750 183 796 Ausa
193 748 253 796 foret
263 749 353 811 Lrgaes
362 750 459 795 domus?
477 749 516 796 dat
526 750 613 796 scilicet
623 749 697 796 omnis

115 813 230 868 Dextera,
241 817 302 876 quod
312 815 378 861 debet
390 814 497 876 Superis3
514 815 615 874 nullique
625 829 707 862 vscare

116 877 165 926 Fas
175 886 211 926 est
222 879 336 927 Romano
371 878 464 925 Latium
476 880 509 925 sic
520 879 623 926 scindere
633 895 715 942 corpus

117 942 165 990 Dis
175 945 297 1006 placitum:
313 959 359 991 non
368 945 392 990 in
403 945 482 1006 generi
494 946 609 1004 socerique
621 943 723 996 savorem

116 1007 250 1056 Discedunt
259 1010 351 1071 populi:
371 1009 446 1056 civilis
452 1009 512 1055 bello
522 1009 612 1056 satelles

116 1072 204 1129 Movit,
215 1081 240 1121 et
249 1077 273 1121 in
283 1084 371 1136 partem
382 1073 483 1120 Romani
494 1075 557 1120 venit
568 1073 686 1121 Achillsnr

116 1137 159 1194 Et,
170 1140 214 1186 nisi
221 1139 270 1186 fata
278 1136 384 1186 manusd
395 1139 506 1200 sangiune
517 1136 617 1186 cesari·
626 1146 710 1195 meent,
738 1143 789 1188 490

118 1203 169 1252 Hae
180 1206 275 1250 vincunt
285 1211 368 1266 partes.
401 1204 489 1250 Aderat
499 1211 601 1250 maturus
612 1212 721 1265 uterque3

117 1267 160 1324 Et,
171 1269 274 1316 districta
283 1269 362 1330 eprdir,
379 1269 408 1315 sd
418 1275 512 1315 cunetas
524 1269 575 1314 aula
584 1269 675 1329 patebat

118 1331 232 1391 Insidim
248 1341 383 1396 poteratque
392 1349 459 1380 cruor
469 1349 510 1394 per
521 1333 585 1396 regia
593 1332 658 1380 fundi

120 1397 209 1446 Pocula
221 1397 348 1452 Caesareus,
359 1413 491 1458 mensaeque
502 1398 631 1444 incumbere
642 1397 725 1448 eervid.

119 1465 167 1513 Sed
177 1471 282 1512 metuunt
292 1463 345 1511 belli
355 1464 455 1526 trepidos
464 1465 489 1511 in
500 1470 567 1511 nocte
577 1464 695 1523 turnultus,

119 1529 161 1578 Ne
171 1530 247 1577 caedes
261 1527 356 1577 confusa
365 1544 443 1584 manu,
454 1530 609 1591 penniasaque
618 1530 678 1585 fatis,

119 1594 163 1650 Te,
176 1593 308 1648 Ptolemaee
319 1596 408 1641 trabat:
428 1600 493 1640 tanta
501 1600 536 1641 ert
545 1593 627 1643 fiducia
637 1594 698 1643 ferri.

120 1659 177 1708 Non
189 1656 283 1721 rapuere
294 1659 371 1707 nesso:
391 1659 474 1705 summi
486 1666 601 1705 contemta
610 1660 706 1708 facultas

120 1724 166 1773 Est
177 1726 265 1787 operis:
283 1725 358 1771 viarm
369 1724 459 1771 famulis
469 1724 591 1785 reparabile
598 1724 712 1783 dsnrnurn,

119 1788 188 1837 Illam
199 1790 313 1836 muctandi
322 1790 435 1836 dimittere
447 1786 546 1837 Caesaris
556 1790 643 1836 horam.
740 1795 790 1839 450

120 1854 231 1903 Servatur
241 1866 321 1917 poenas
331 1855 355 1900 in
366 1852 443 1917 aperti
452 1854 504 1900 luce
515 1854 613 1901 daturus

120 1919 219 1967 Donste
227 1926 265 1966 est
274 1934 322 1965 nox
331 1934 377 1966 una
387 1919 446 1974 duci,
456 1919 560 1979 vixitque
571 1918 664 1967 Pothini

120 1984 223 2033 Munere
234 1984 348 2032 Pboebeos
359 1983 439 2033 com
449 1984 532 2031 dilatus
540 1984 566 2029 in
578 1992 648 2032 ortus.

154 2048 272 2097 Luciferi
283 2048 352 2098 Casii
362 2050 478 2111 prospexit
490 2064 551 2111 rupe,
563 2049 667 2110 diemque

121 2113 191 2163 bum
201 2116 225 2162 in
237 2114 374 2177 AEgyptum‚
384 2116 459 2176 primo
469 2129 559 2175 quoque
570 2114 617 2163 sole
628 2114 754 2173 celentem5

121 2177 183 2229 cam
195 2180 275 2241 procul
284 2179 298 2227 d
309 2180 379 2227 murit
389 2180 449 2227 acies
459 2192 506 2227 non
518 2194 595 2241 sparsa
604 2180 715 2240 maniplis,

120 2242 175 2293 Nec
185 2259 247 2307 vaga
257 2245 401 2307 conspicium,
413 2245 454 2291 sed
459 2245 535 2307 justos
546 2244 618 2305 qualis
629 2244 658 2291 ad
668 2245 746 2295 hostes

120 2307 199 2357 Recte
207 2310 284 2357 fronte
293 2310 363 2356 venit.
397 2309 490 2357 Passuri
501 2310 604 2357 cominus
614 2324 683 2365 anna,

121 2372 250 2437 laturique
260 2383 338 2422 ruunt:
358 2382 383 2422 at
394 2374 480 2429 Caesar,
492 2375 604 2422 moenibus
615 2374 676 2422 urbis
768 2395 769 2401 ¹

122 2438 229 2494 Diffimr,
239 2439 326 2488 fotibus
336 2440 420 2487 clausae
430 2454 455 2487 se
465 2441 567 2502 protegit
577 2440 642 2495 aulae,
741 2445 791 2489 440

120 2502 260 2568 Degeneres
269 2505 464 2567 parsuslstebrm.
496 2504 547 2551 Nec
559 2512 607 2553 tota
616 2505 711 2555 vacabat
818 2534 821 2540 ι

121 2568 201 2633 Regia
210 2585 355 2632 compresso:
375 2567 683 2632 minimd'conlegeratanna
749 2622 751 2627 ,

123 2633 194 2683 Parte
204 2635 309 2690 derauso
318 2643 417 2697 tangunt
422 2637 516 2693 <animos
527 2636 611 2695 ireque
621 2643 754 2697 metusque3
786 2654 789 2657 ·

124 2698 157 2749 Et
168 2708 234 2750 tranet
244 2702 356 2757 incursus,
367 2701 542 2764 indignaturque
551 2698 646 2749 timere.v
720 2721 722 2725 ·
743 2754 746 2761 Ι

551 2780 566 2813 υ
