1884 2950
158 161 208 210 29⁴
371 155 625 211 sturminium
652 183 655 188 ·

142 288 222 352 thue
228 273 502 356 manererlomiplaeest3
519 291 639 354 lucemque
650 297 784 356 sequentem
818 276 828 317 T

142 353 213 403 Hanc
224 371 300 411 unam,
311 356 331 403 si
342 370 389 404 non
399 357 497 418 propriae
508 357 592 404 donare
603 358 678 416 saluti,

142 419 255 486 conjugis
267 428 290 468 at
301 421 380 468 saltem
391 421 462 469 vellet
473 420 558 469 donare
568 422 653 470 timori.

142 484 259 549 Hispanus
269 488 358 542 iterum,
370 485 424 534 tium
435 493 498 534 tauta
508 487 609 550 perietffl
619 494 712 545 restam,

141 549 257 599 Dimissus
269 566 341 614 nuper
351 552 441 600 monuit
451 565 558 599 motare
569 555 682 610 cohortes,

142 614 178 664 lit
188 618 308 678 stipatores
318 615 386 664 fidos:
406 631 453 665 non
464 631 515 664 ests
526 619 625 680 pavoris,

142 681 189 729 Sed
198 682 296 744 pietatis
300 696 357 744 opus
365 681 481 730 thrum
492 689 581 729 ostenta
591 683 677 730 timere.

142 745 189 795 Cui
200 745 280 796 Caesar
290 754 386 795 eontra:
407 747 464 796 Plus
471 761 515 802 nie,
529 745 672 810 calphurnia,
683 747 766 805 luctus,

142 811 178 860 Et
187 812 294 873 laerymae
305 809 400 860 movere
410 820 463 867 tuae,
475 810 543 874 quim
556 813 627 860 tristia
638 817 716 859 vatum

142 876 271 940 Responsa,
283 877 390 926 iussustse
400 879 513 933 volucres,
525 886 564 925 aut
575 879 621 926 utta
631 879 718 924 (lienum

142 941 211 992 Vana
221 943 357 1006 superstitio,
367 951 479 1007 poteram.
513 943 611 992 menta
621 944 702 990 timere

143 1008 169 1056 Si
180 1023 240 1056 nuuc
252 1009 381 1072 inciperes,
392 1025 445 1070 quse
455 1024 503 1056 aon
514 1010 569 1056 mibi
580 1015 684 1071 tenrpors
694 1008 790 1070 postbse

142 1074 222 1122 Amos
232 1073 371 1122 transirent?
387 1089 440 1136 quoe
449 1075 491 1121 lux
497 1075 600 1137 jusunda
611 1073 732 1122 maneret?
869 1069 873 1078 ’

143 1139 194 1190 Aut
205 1154 257 1200 qnae
267 1139 376 1186 ibertus?
392 1139 476 1187 inrrtra
487 1141 571 1187 servire
582 1139 658 1186 timori

75 1218 79 1222 ’
142 1201 223 1332 ἔξω
235 1219 277 1252 nee
287 1205 340 1253 luce
349 1204 400 1260 irui,
414 1219 457 1252 aee
467 1212 565 1253 monem
576 1219 653 1252 arcere
663 1200 751 1266 licebit)

196 1285 228 1324 ar,
240 1277 263 1316 et
270 1270 323 1317 buie
333 1271 407 1333 mpib,
419 1271 479 1332 quod
492 1270 567 1318 Roma
575 1276 672 1324 termus,
685 1281 782 1331 mtspex

141 1333 188 1385 Jus
198 1334 264 1390 dabit,
276 1341 300 1381 et
310 1351 383 1383 vanus
394 1351 483 1399 semper
495 1335 646 1382 dominabitur
657 1347 736 1397 augur.

143 1400 170 1449 Si
180 1408 277 1448 mortem
288 1402 344 1449 mihi
355 1401 433 1450 Roma
441 1409 514 1465 paret,
526 1400 629 1448 dubiusne
641 1400 708 1448 saluti

143 1463 250 1516 Proderit
260 1482 306 1513 una
317 1466 383 1515 dies?
399 1476 438 1516 aut
449 1484 491 1516 cur
501 1465 589 1515 differre
599 1466 706 1521 laborem,

143 1530 222 1587 Quum
233 1548 322 1593 nequeo
332 1534 410 1589 uitare,
422 1533 521 1583 necem?
538 1548 657 1595 semperne
666 1532 748 1579 timeoe

141 1595 258 1660 Exoptem
271 1600 352 1663 potius,
364 1614 431 1660 quarn
443 1596 506 1646 certi
513 1598 647 1646 occumbere
657 1594 747 1644 morte?

144 1660 195 1712 car
204 1670 281 1711 tamen
292 1664 384 1711 insidias
395 1663 505 1711 timeam?
522 1678 564 1710 eur
574 1661 651 1710 limma
661 1661 755 1708 salutem

142 1726 201 1776 Non
212 1726 288 1791 potiris
299 1735 400 1774 nostram
408 1727 521 1791 exoptet?
537 1726 646 1789 partique
656 1726 730 1789 quiete

143 1790 245 1841 Caesaris
253 1792 347 1854 imperio
356 1799 409 1855 post
420 1798 455 1839 tot
465 1792 540 1839 civilia
549 1790 613 1847 bellu,

144 1856 204 1905 Post
215 1858 298 1904 rabiem
308 1864 395 1904 tanum
405 1858 502 1905 lassatus
511 1856 608 1919 gaudeat
618 1853 697 1903 orbis?

144 1922 198 1971 Pax
208 1923 286 1969 mundi
297 1937 350 1969 mes
360 1923 409 1969 sota
419 1923 494 1979 selus3
511 1936 568 1969 nece
578 1919 676 1969 Caesaris
688 1934 754 1969 enses

144 1988 293 2050 stringentur
302 1985 387 2043 hirsus,
399 2002 477 2034 rursus
487 1987 622 2034 lacerabitur
631 1986 700 2040 orbis,

143 2052 278 2114 Moestsque
289 2050 397 2101 Romam
407 2052 510 2115 tingetur
518 2052 630 2114 sanguine
640 2048 714 2099 telina.

144 2117 191 2167 sed
202 2119 220 2165 si
232 2133 279 2165 non
289 2118 376 2165 bomini
388 2118 443 2165 satis
450 2125 511 2165 esset
522 2132 577 2164 eura
588 2116 639 2171 diei,

144 2181 182 2231 Ni
192 2193 305 2230 nocturna
315 2183 370 2230 alins
381 2183 484 2231 iacerent
494 2182 606 2230 insomnis
617 2196 688 2237 suras,

144 2246 193 2296 Dic
204 2250 267 2303 mibi,
279 2263 331 2295 num
341 2248 470 2311 Morpheus
480 2248 545 2295 nobis
553 2247 665 2295 contraria
675 2244 738 2293 misit

145 2312 247 2367 Somnia,
260 2318 324 2373 queis
331 2314 406 2377 potius
417 2312 513 2361 credes?
530 2314 571 2359 hac
582 2319 650 2359 noete
658 2308 748 2372 qelbsse

146 2376 187 2423 Aa
197 2378 288 2432 coeIurn,
301 2379 449 2440 dextrumque
459 2376 527 2427 Jovis
537 2378 654 2439 tetigisses
659 2373 739 2423 serent

146 2439 182 2488 Et
192 2442 309 2503 rnqjestate
321 2444 413 2491 indutus
428 2444 514 2490 sedisse
525 2443 624 2489 videbar.

147 2504 260 2557 Quidnisi
268 2511 342 2553 inuste
349 2516 373 2554 et
380 2522 464 2570 magna
474 2508 529 2554 mibi
538 2509 587 2553 baec
600 2506 630 2571 (si
639 2505 731 2553 medere
737 2504 821 2552 vellem
922 2476 924 2521 ’ὲ

145 2564 240 2615 Talibus
248 2570 352 2633 omnino)
361 2573 496 2635 portendere
507 2572 595 2619 somnia
601 2569 715 2634 possunt?

179 2629 233 2680 Jurn
239 2634 306 2696 jubar
315 2636 413 2684 Aurorae
422 2637 531 2699 pallentia
540 2638 626 2683 vicerat
636 2642 710 2683 asur:

148 2694 258 2745 Prosiluit
268 2701 345 2749 stratis
356 2699 443 2760 Cesar,
454 2708 590 2764 moestseque
601 2700 691 2763 reliquit

263 2840 270 2867 l
