1884 2950
156 154 203 197 144
414 130 550 199 Lucum
582 222 585 227 Δ

154 278 232 333 Vivat,
243 284 273 333 et,
284 283 310 325 ut
318 276 385 325 Bruti
394 281 526 340 procumbat
535 279 634 336 victima,
645 288 731 344 regnet.

187 343 236 390 Hic
242 344 322 405 patriae
330 344 389 405 perit
395 358 462 390 omne
472 344 554 392 decue:
564 346 627 407 jacet
637 361 722 409 aggere
728 357 815 412 magno

156 407 279 456 Patricium
291 409 376 469 campio
387 408 509 454 commixti
518 409 583 471 plebe
592 411 694 459 cadaver.
800 422 804 426 ·

154 472 223 521 Mora
234 480 309 521 tamen
319 473 418 527 eminuit,
431 473 542 519 clarorum
552 474 576 520 in
587 481 664 537 atrage
673 476 780 532 virorum,
812 500 816 510 ·

155 536 271 601 Pugnacis
282 536 377 591 Domiti,
389 552 455 597 quem
467 537 594 585 clndeafata
603 554 644 600 per
654 555 732 588 omnea
764 546 820 590 6⁰⁰

153 602 284 651 Ducebant.
315 599 434 661 Nusquam
446 600 530 663 Magni
539 602 629 650 fortuna
639 605 733 652 aineiilo
817 623 819 628 ·

155 666 291 716 Succubuit:
310 666 383 712 victua
394 666 461 713 totiea
471 664 486 712 d
497 665 595 722 Caeaare,
606 666 668 715 ruvt

155 732 271 780 Libertate
281 731 353 791 perit:
372 737 427 777 tunc
438 731 500 777 mille
510 732 534 777 in
546 732 639 779 minem
649 733 716 780 lerna

155 796 257 850 Labitur,
268 810 294 841 ac
304 794 370 841 venii
380 795 464 857 gaudet
474 796 572 843 caruiaae
581 794 684 843 secundi.

154 858 250 908 Viderat
260 860 283 905 in
290 874 370 906 crasso
380 866 507 907 versantem
521 861 630 922 sangiune
639 862 739 909 membra

156 923 242 979 Corn,
253 932 277 970 et
284 925 425 986 increpitans,
436 924 489 973 Jam
500 924 583 987 Magni
593 926 675 972 dereris
685 929 753 982 arina,

156 989 279 1037 Succeaaor
290 988 391 1045 Domiti;
409 990 457 1035 rine
468 997 491 1035 te
496 992 545 1051 jam
555 990 614 1035 bella
624 998 746 1051 geruntur3

156 1054 269 1101 Dixeratz
287 1060 325 1100 art
332 1054 363 1099 iiii
375 1054 468 1107 suffecit
478 1061 570 1115 pectora
579 1055 676 1115 puirana,

156 1118 253 1181 Spiritus
263 1120 286 1165 in
297 1134 383 1172 vocem,
394 1119 555 1179 morientiaque
565 1134 604 1165 ora
613 1119 713 1167 resolvit.
866 1159 870 1166 .

156 1182 213 1231 Non
224 1191 247 1231 te
257 1182 346 1231 funesti
357 1183 465 1230 scelerum
477 1184 579 1229 mercede
588 1184 692 1243 potitum,
764 1189 815 1233 610

157 1248 205 1299 Sed
215 1249 304 1295 dubium
314 1248 362 1301 fati,
375 1245 459 1302 Currat,
471 1262 602 1308 generoque
611 1248 721 1295 minorem

156 1312 298 1375 Adspiciena,
311 1312 409 1373 stygias,
421 1312 511 1373 Magno
521 1312 585 1366 duce,
595 1312 651 1359 bber
660 1313 689 1359 ad
699 1312 797 1370 umbrae,

156 1376 191 1425 Et
202 1392 293 1425 recurua
303 1392 340 1423 eo:
360 1383 384 1422 te
394 1390 456 1423 raevo
468 1376 545 1422 Marte
556 1377 677 1431 subactum,

157 1441 312 1505 Pompeioque
320 1456 402 1504 granea
411 1454 497 1503 poenaa,
509 1441 617 1501 nobisque
627 1442 737 1498 daturum,

158 1506 219 1556 Cum
230 1509 319 1562 moriar,
330 1521 418 1568 rpemre
427 1505 488 1552 licet.
521 1505 576 1552 Non
610 1521 651 1552 ura
660 1507 760 1554 locutum

156 1571 214 1619 Vita
223 1572 289 1634 fugit,
301 1572 421 1631 densaeque
431 1571 509 1617 oculoa
519 1585 620 1632 premere
630 1572 736 1619 tenebre.

189 1633 322 1698 Inpendiaae
331 1636 401 1697 pudet
410 1635 513 1682 lacrimaa
523 1636 546 1682 in
556 1635 635 1682 funere
645 1636 723 1682 mundi

156 1700 272 1750 Mortibus
282 1699 411 1753 innumeris,
422 1715 448 1746 uc
459 1700 549 1762 singula
558 1697 605 1746 fata
615 1706 745 1761 sequentem

157 1765 274 1822 Quaerere,
281 1765 393 1814 letiferum
406 1779 446 1825 per
456 1765 520 1825 cujtrs
530 1765 617 1811 viscera
625 1765 708 1812 vuinua

155 1830 262 1887 Exierit;
279 1830 329 1890 quia
339 1828 389 1874 suaa
399 1828 447 1875 aolo
457 1829 535 1876 vitalia
544 1829 631 1886 calcet;
766 1833 817 1877 620

155 1894 205 1943 Ore
215 1896 265 1956 quio
274 1895 375 1946 adverto,
386 1893 507 1940 dumorum
516 1892 616 1940 saucibua
625 1903 704 1941 eurem
764 1931 768 1937 .

155 1959 278 2022 Expulerit
287 1959 386 2006 moriens
396 1955 486 2015 animi3
501 1958 551 2019 quia
562 1964 651 2005 corruat
659 1959 722 2015 ictu;

157 2024 217 2080 Quia
228 2023 321 2078 rteterit,
332 2023 385 2069 dum
397 2023 497 2069 membra
507 2022 605 2080 cadunt;
616 2023 655 2083 qui
665 2029 757 2085 pectore
769 2022 817 2071 teta

63 2123 66 2133 ·
155 2087 327 2142 Transmittaut,
339 2094 378 2134 aut
388 2102 444 2147 quor
455 2088 540 2149 campie
549 2086 652 2134 adfixerit
661 2087 740 2144 bartag
800 2085 817 2128 ⁸.

156 2151 216 2210 Quia
226 2168 293 2201 cruor
303 2153 398 2200 erniaaua
408 2152 534 2214 perruperit
543 2151 596 2199 abra
604 2151 676 2205 venia,

155 2217 231 2281 Inque
241 2217 313 2266 boatir
323 2217 389 2266 cudat
399 2231 461 2263 erma
472 2216 519 2263 rui:
538 2216 589 2277 quia
599 2222 691 2278 pectora
699 2213 776 2263 fratria

155 2280 244 2338 Credat,
255 2289 284 2338 et,
296 2289 322 2329 ut
332 2288 412 2328 notum
421 2281 494 2342 poarit
503 2280 598 2343 spoliare
608 2281 709 2335 cadaver,
813 2293 817 2306 ⁴

154 2345 276 2394 Abscisum
286 2346 356 2407 longe
366 2346 442 2392 mittat
452 2351 531 2406 caput;
548 2360 588 2390 ora
597 2345 697 2405 parentia

155 2408 215 2464 Quia
224 2410 318 2464 luceret,¹
325 2409 438 2469 nimidque
448 2410 527 2470 probet
537 2409 688 2470 rpecunubn
697 2405 737 2461 ist.
758 2413 815 2455 -629

154 2471 231 2526 Quem
237 2473 335 2536 jugulat,
347 2487 393 2519 nou
404 2487 454 2519 eaae
463 2479 558 2534 patrem.
582 2472 650 2520 Moru
657 2472 719 2519 nulia
725 2469 817 2531 quereld

152 2534 235 2596 Digna
245 2533 286 2583 aud
295 2544 337 2592 eat,
347 2537 465 2597 nuiloaque
475 2537 591 2584 bominum
601 2537 682 2598 ingere
689 2545 803 2584 namur.

152 2595 454 2662 Nonirtarhabutpugne
465 2598 675 2663 Pbaraaiiapertoe,
810 2613 814 2621 “

154 2661 219 2716 Qum
230 2663 280 2710 aiiae
291 2662 374 2711 clades:
393 2663 440 2711 illic
449 2679 492 2726 per
499 2663 547 2712 fata
556 2665 663 2719 virorum,

153 2723 199 2774 Per
209 2727 304 2791 populor
313 2728 349 2776 hic
359 2727 437 2778 Roma
446 2730 518 2792 perit:
531 2730 592 2792 quod
602 2729 680 2778 nilida
689 2728 742 2783 iiik»
