1884 2950
114 172 118 180 ·
147 176 178 220 ee
404 160 541 224 Lucam
614 157 621 167 ‘

148 298 209 347 Haee
219 298 284 354 latur,
295 300 427 363 solvensque
439 309 509 349 ratem
520 301 558 347 dut
568 301 657 348 uerbum
664 299 755 360 ‘ventim
763 300 814 348 560

147 363 186 411 Ad
196 380 290 426 quorum
301 373 376 413 motus
386 382 432 412 non
443 366 516 413 solum
526 366 588 427 lapsa
597 382 637 427 per
646 365 716 412 altum
807 402 812 408 .

147 427 215 483 Aera,
227 430 336 492 dispersos
347 428 435 477 traxere
446 430 548 477 cadentia
557 431 631 476 sulcos

134 494 136 500 ’
148 493 237 551 sideru
255 496 300 549 sed,
312 496 404 542 sum'mis
415 495 482 542 etlam
493 510 545 555 quae
554 494 600 541 fixa
609 500 714 541 tenentur

146 557 216 605 Astra
225 558 289 620 polis,
302 566 354 606 sunt
364 560 413 605 visa
422 560 498 621 quati:
517 560 582 621 niger
591 558 662 605 inficit
670 559 750 605 horror

146 620 224 684 Terga
234 623 316 681 maris3
333 624 402 685 longo
412 639 452 685 per
462 624 533 670 multa
543 624 658 669 volrunina
667 630 741 669 treetu

147 685 240 734 AEstuat
250 688 310 734 unda
320 689 408 744 mineum
423 688 534 749 flatusque
544 688 629 734 incerta
637 687 714 742 futuri,

147 750 247 797 Turbida
256 760 366 811 testantur
377 760 497 815 conceptos
508 767 598 813 aequora
607 760 695 799 ventos.
774 771 782 794 r

146 814 214 861 Tunc
225 823 297 862 rector
307 817 399 877 trepidae
409 818 468 863 fatur
479 818 547 863 ratis:
566 816 671 878 Adepiee,
682 826 769 863 aaevrun

147 878 304 941 Quantaparet
310 881 413 942 pelagum
427 881 543 943 Zephyros
549 882 656 936 intendet,
664 896 694 927 an
700 880 804 930 Austros.
817 928 822 933 ,

147 942 262 990 Incertum
269 952 315 991 est:
326 946 416 1006 puppim
424 946 503 992 dubius
510 945 755 1007 feritundiquepontue.
762 947 811 992 570

147 1006 250 1054 Nubibus
261 1015 284 1054 et
295 1010 352 1055 coelo
364 1010 439 1056 Notus
450 1017 497 1057 est:
516 1011 659 1057 rimurmura
668 1010 731 1071 ponti

148 1071 299 1127 Comulimus,
312 1072 366 1121 Cori
377 1082 466 1124 verrent
477 1090 538 1121 mare
543 1092 553 1130 ιι
572 1076 663 1136 gurgite
672 1080 742 1126 tanto,

147 1136 199 1183 Nec
211 1138 263 1184 retis
275 1135 397 1198 Hesperias
407 1146 493 1199 tanget,
504 1154 546 1184 nec
557 1138 678 1199 naufragus
688 1152 746 1191 oras.
769 1140 773 1145 ’

148 1200 276 1263 Desperare
286 1202 352 1256 viam,
363 1208 386 1247 et
396 1204 478 1248 vetitos
489 1209 619 1249 convertere
629 1218 714 1257 eureus,
747 1209 750 1220 '

148 1266 203 1311 Sola
213 1266 272 1313 salus
281 1283 287 1312 r
305 1266 370 1313 liceat
379 1264 461 1311 vexata
470 1267 536 1311 litora
545 1282 619 1327 puppe

148 1328 267 1384 Prendere,
279 1346 308 1377 ne
317 1327 387 1391 louge
397 1330 490 1375 nimium
501 1329 530 1375 rit
539 1332 641 1390 pmxima
649 1330 725 1377 tellus.

181 1394 248 1442 Fisus
258 1402 338 1441 cuncta
349 1395 389 1441 sibi
400 1408 490 1441 cessura
499 1394 597 1455 pericula
607 1392 692 1448 Cesar,

149 1458 235 1520 Sperne
244 1460 322 1514 mines,
333 1460 410 1520 inquit,
422 1459 501 1522 pelagi,
511 1466 624 1520 ventoque
632 1457 717 1506 furenti

148 1523 223 1570 Trade
234 1525 313 1572 sinum.
326 1522 414 1571 Italiam
426 1525 444 1570 si
456 1525 514 1570 coelo
525 1531 615 1570 auctore
624 1538 720 1577 recusus,

149 1587 192 1635 Me
203 1596 267 1650 pete:
285 1589 333 1636 sola
342 1589 381 1635 uti
393 1603 469 1635 caueae
480 1596 515 1636 eet
524 1589 573 1635 haec
579 1589 642 1651 jueta
651 1587 744 1641 timoris,
761 1588 814 1634 580

149 1651 271 1699 Vectorem
286 1668 331 1700 non
343 1651 408 1703 nusae
419 1661 495 1709 tuum;
512 1668 579 1713 quem
589 1653 681 1698 numina
688 1666 810 1713 numquam

148 1715 299 1774 Destituunt3
315 1717 343 1764 de
353 1733 398 1778 quo
407 1715 467 1764 male
477 1724 532 1764 tune
542 1716 643 1764 Formna
652 1724 756 1770 meretur,

150 1780 210 1830 Cum
220 1789 272 1844 post
281 1789 335 1829 vote
343 1783 406 1829 venit
415 1800 421 1827 r
440 1782 524 1828 medius
533 1797 651 1843 permmpe
659 1781 774 1848 proeellua

148 1845 230 1893 Tutela
241 1862 318 1894 secure
325 1846 385 1893 mel.
419 1844 480 1894 Coeli
489 1847 533 1893 iste
540 1846 641 1906 fretique

148 1911 203 1959 Non
215 1911 293 1973 puppis
304 1919 387 1958 noetrae
396 1911 458 1957 labor
465 1919 513 1958 eet:
527 1911 584 1958 hunc
595 1909 687 1958 caesare
696 1917 805 1973 pressam

149 1977 172 2024 A
183 1975 253 2023 fluctu
263 1975 367 2024 desendet
377 1991 448 2022 onus:
467 1991 510 2022 uec
520 1975 589 2037 longa
597 1974 667 2022 furori
701 1981 704 1985 '
744 2005 750 2018 .

148 2040 275 2088 Ventomm
289 2056 349 2088 saevo
361 2041 446 2087 debitur
455 2055 533 2087 mora:
552 2040 650 2101 proderit
659 2039 725 2086 undis

148 2105 198 2154 leta
208 2105 267 2152 retia
300 2103 339 2152 Ne
349 2104 415 2152 flecte
425 2119 529 2152 manum:
548 2104 604 2165 fuge
612 2104 714 2165 proxima
722 2102 780 2152 veliz

148 2170 242 2218 Litora:
256 2175 313 2218 tune'
321 2168 416 2218 Calabro
426 2177 493 2230 portu
503 2176 527 2215 te
536 2169 603 2215 erede
612 2168 714 2230 potitum,
730 2173 733 2177 '

149 2234 209 2284 Cum
216 2236 265 2297 jam
275 2249 320 2281 nou
331 2235 412 2296 poterit
422 2234 496 2296 puppi,
508 2239 636 2293 nostraeque
645 2232 718 2286 mluu'.
761 2233 812 2279 69⁰

148 2300 229 2346 Altera
238 2307 297 2346 terra
308 2297 368 2346 dm:
379 2298 441 2352 Quid
450 2295 514 2346 unu
523 2305 598 2358 mage
607 2304 704 2358 paretur,
738 2303 741 2308 ·

147 2363 259 2425 Ignorat:
278 2364 364 2423 quaerit,
372 2363 445 2426 pelegl
456 2362 551 2422 eoelique
561 2361 665 2414 tumultu.
801 2366 806 2374 ’

148 2427 211 2481 Quid
220 2433 312 2489 praestet
322 2426 423 2474 Fortuna
433 2427 495 2472 mihi.
527 2424 582 2472 Non
592 2426 656 2487 plura
664 2425 742 2472 locuto

147 2491 241 2538 Avulsit
250 2491 342 2545 laceros,
353 2489 457 2553 percussi
466 2505 546 2553 puppe,
558 2490 662 2537 rudentes
768 2498 771 2504 ’

147 2554 225 2602 Turbo
236 2569 310 2616 rapax,
320 2554 466 2618 fragilemque
477 2554 658 2616 supervolitmtia
666 2552 757 2602 malum⁴

147 2618 208 2666 Vela
218 2619 279 2668 tulit:
298 2620 379 2674 sonuit,
390 2620 455 2667 vietis
466 2616 616 2680 compugnms,
626 2617 696 2666 ulnus
723 2624 726 2630 '
747 2622 752 2639 ⁷

149 2681 207 2731 Inde
218 2689 285 2732 ruunt
295 2691 344 2732 tuto
355 2685 442 2748 eonelta
451 2683 549 2748 pedulla
558 2679 650 2732 mundo·
677 2691 680 2697 '
750 2701 754 2709 ⁴
