1884 2950
227 228 228 233 1
266 151 483 203 ,ΡΗΑΒὸΑΒῙΕ
500 154 553 203 ιιι.
564 154 610 203 Vl.
735 159 783 205 115

116 285 186 342 Adra,
197 300 241 333 nso
249 291 332 333 tenues
342 293 423 335 ventos
434 287 531 348 suspiret
540 286 662 343 Ansuros3
730 287 782 335 5¹10

115 350 151 399 Et
161 352 269 413 quisquis,
280 351 362 412 pelago
372 366 412 413 per
423 366 448 397 se
457 366 504 397 nou
514 352 627 413 cognitus,
638 351 711 397 amuis

116 414 196 463 Peneo
207 416 300 463 donarit
311 429 394 475 equas:
413 418 432 462 it
442 417 535 478 gurgite
544 424 610 477 rspto

117 481 251 543 Apidsn0s5
264 494 430 542 numquamque
440 481 507 535 celer,
519 482 562 526 nisi
572 482 664 534 mixtus,
672 478 781 543 Eniperrs.

116 545 210 607 Accipit
221 544 312 606 Asopos
324 560 408 600 cursus,
421 544 570 606 Phoenixque,
582 545 709 607 Mersaque

16 630 17 633 ¹
117 610 194 665 Solus,
205 611 229 657 in
241 610 333 656 alterius
343 624 425 657 nornen
437 624 489 657 cum
496 610 585 657 venerit
594 609 668 664 unde,

116 674 231 722 Defendit
241 672 358 721 Titaresos
368 689 444 735 eques,
455 675 575 736 lopmsque
582 688 685 736 superne,

116 740 220 801 Gurgite
231 738 302 785 Penei
312 754 354 801 pro
365 740 430 787 siccis
441 741 512 785 utitur
521 740 588 785 srvis.

116 802 198 859 Hunc,
209 803 270 851 funs
280 810 321 858 est,
334 803 423 866 Stygiis
433 818 526 851 masne
535 804 654 865 paludibus
667 816 764 859 smum,

116 866 152 916 Et
163 870 243 932 ospitis
254 882 383 923 memorem,
394 868 458 915 fluvii
466 869 573 929 contegis
579 863 631 915 vilis

117 932 189 980 Nolle
200 935 254 995 peti,
266 932 424 995 Superilmque
433 934 475 979 sibi
485 946 575 979 serrare
585 934 697 980 timorem.
731 934 782 979 380

150 996 187 1045 Ut
198 999 296 1061 primum
307 998 395 1045 emissis
404 1004 526 1059 patuerunt
536 997 638 1044 amnibus
648 1012 709 1053 uve,

117 1059 219 1125 Pinguis
228 1062 351 1123 Boebrycio
362 1062 464 1109 discessit
474 1076 567 1108 vomere
577 1062 666 1112 sulcuss

116 1125 180 1174 Mox
191 1126 305 1189 Lelegum
316 1126 395 1173 dextri
404 1140 507 1187 pressum
517 1126 634 1172 descendit
642 1131 747 1172 sretnrm.

117 1190 220 1239 AEolidse
231 1190 379 1253 Dolopesque
390 1192 462 1237 solum
473 1187 555 1252 rupdre
564 1190 647 1244 coloni,

116 1254 152 1303 Et
164 1256 288 1317 Magnetes
298 1257 368 1315 equis,
380 1254 470 1316 Minyae
481 1269 539 1317 geos
549 1254 642 1316 cognitu
652 1254 726 1301 remis.

117 1318 171 1367 lilio
182 1320 298 1367 semiferos
309 1318 425 1366 Ixionides
436 1318 565 1367 Centauros

117 1384 189 1432 lroee
200 1383 351 1431 Pelethroniis
361 1384 431 1430 nubes
442 1382 521 1431 effirdit
529 1385 553 1430 in
564 1383 642 1431 sntris.

119 1449 210 1512 Aspera
220 1455 244 1496 te
255 1448 353 1496 Plsolois
362 1447 512 1511 frangentem,
523 1448 650 1510 Monyche,
661 1462 722 1505 sexu,
734 1468 737 1471 ⁴

118 1514 200 1575 Teque
211 1513 252 1561 sub
261 1512 339 1560 OEtaeo
350 1521 490 1574 torquentem
498 1515 583 1561 vertice
593 1514 676 1570 vulsus,

118 1577 209 1626 Rhoete
216 1579 288 1633 ferox,
299 1593 356 1638 quus
363 1579 401 1624 rix
408 1577 630 1634 Boressinverteret,
640 1593 722 1627 ornos:
731 1583 783 1628 390

119 1643 215 1706 Hospes
225 1649 249 1690 ct
259 1642 348 1688 Alcidse
358 1644 442 1704 magni,
454 1641 537 1689 Pholer
555 1651 622 1704 teque
631 1659 673 1706 per
682 1659 771 1692 emnem

120 1707 220 1770 Inprobe
231 1706 342 1754 Lernaeus
352 1715 430 1754 vector
439 1721 533 1770 passure
542 1709 651 1770 sagittus:

120 1771 207 1834 Teque,
219 1785 289 1819 senex
298 1770 390 1827 Chiron,
402 1773 478 1834 gelido
488 1773 527 1834 qui
537 1773 610 1820 sidere
619 1772 711 1837 fulgens

121 1835 210 1900 inpetis
219 1836 343 1884 Haemonio
353 1839 461 1900 majorem
473 1837 583 1898 Scorpion
593 1852 655 1886 ercu.

153 1901 208 1948 Huc
219 1901 300 1949 tellure
310 1901 351 1948 feri
362 1902 490 1948 micuerunt
498 1903 585 1949 semine
594 1901 686 1957 Martis,

122 1965 213 2014 Primus
224 1967 252 2012 ub
263 1964 366 2026 aequored
376 1968 487 2029 percussis
497 1967 589 2028 cuspide
599 1967 660 2014 sexis

122 2029 267 2078 Thessalicus
277 2031 372 2092 sonipes,
384 2031 448 2079 bellis
457 2031 563 2078 lerenius
572 2045 648 2085 omen,

122 2095 236 2143 Exsiluit:
254 2097 340 2156 primus
351 2097 475 2158 chalybem,
485 2095 606 2157 frenosque
615 2097 743 2152 momordit,

111 2213 114 2220 ⁴
123 2159 285 2222 Spumavitque
295 2163 361 2208 noris
372 2160 477 2224 Lapithae
487 2161 604 2207 domitoris
613 2161 712 2208 lrsbenis.

124 2223 200 2271 Prima
205 2224 289 2271 fretum
300 2227 405 2273 scindens
416 2225 527 2289 Pugssaec
537 2226 604 2275 litore
613 2226 686 2287 pinus,
735 2231 785 2273 400

122 2287 248 2336 Terrenum
259 2291 349 2351 ignotas
360 2292 474 2338 hominem
484 2292 578 2354 projecit
588 2291 612 2336 in
623 2291 702 2338 undas·

124 2353 214 2401 Primus
224 2353 362 2408 Tiressalicre
373 2363 446 2402 rector
455 2356 542 2402 telluris
553 2354 624 2403 Ionos

124 2417 151 2464 ln
162 2417 258 2466 formem
270 2419 348 2467 culidae
358 2421 468 2483 percussit
477 2421 680 2482 ponderemussae3

123 2481 192 2530 Fudit
201 2489 225 2530 et
236 2490 355 2546 argentum
366 2485 470 2540 flammis,
482 2483 703 2546 anumquemonett

107 2553 109 2558 '
124 2546 208 2610 Fregit,
221 2556 244 2594 et
254 2549 362 2598 inmensis
373 2551 435 2598 coxit
443 2549 572 2597 iomscibrrs
582 2562 635 2598 sero

123 2611 180 2669 lllic,
190 2613 251 2674 quod
260 2615 356 2676 populos
365 2615 476 2662 scelersts
484 2615 571 2676 inpegit
576 2615 599 2660 in
610 2630 678 2667 erma,
780 2634 784 2642 >

123 2675 223 2728 Divitias
234 2693 353 2730 numerere
362 2681 496 2730 detum'estr
506 2679 679 2727 liuentissime
687 2691 780 2736 serpens
