1884 2950
135 147 186 192 aas
344 135 599 192 SUPPOEMENTI
645 148 648 160 ·

135 269 220 320 AEratl
229 277 328 320 moestus
337 269 440 321 manavit
450 269 538 324 asside
548 269 632 326 audon
651 297 655 304 ·

135 337 170 385 Et
181 338 238 384 dura
247 336 351 384 attonitis
361 337 469 385 ardebant
479 335 525 397 pila
535 335 647 397 maniplis.

137 401 187 450 Vix
196 409 303 465 poterant
313 401 412 449 misusta
421 401 527 448 exaniine
537 407 598 448 meta
608 399 686 448 revelli

137 469 210 530 Signa
217 468 267 518 solo
276 485 284 526 ;
301 474 372 514 noctu
383 466 523 527 Libycarum
534 466 611 512 audita
620 465 712 512 leonum

136 533 259 581 Murmura
270 547 345 580 saevas
365 532 439 578 solum
450 531 536 592 Thapsi
547 537 682 591 montesque
692 531 789 586 movoei,

136 598 317 658 Coeliferumque
328 597 425 644 Atlanta
433 602 528 658 putant:
551 611 598 642 non
609 595 663 642 leta
673 593 764 642 videtur

137 663 194 712 Ulla
203 665 267 720 avis3
284 662 396 710 infaustus
406 663 473 717 bubo,
501 667 640 721 oeturnaque
650 660 731 708 castris

135 729 202 776 Strix
212 729 327 789 queritur:
347 743 397 783 nec,
406 741 461 773 cum
536 726 555 772 ri
566 725 698 774 urortslibus
708 725 753 774 ista
766 775 769 780 ,

138 793 249 856 Prodigia
258 793 386 846 osoendunt,
398 792 473 839 clades
483 789 660 845 vitnreluturas,

111 918 113 921 Ι
137 857 184 906 Sed
195 864 284 905 tantum
296 858 408 919 trepidare
418 857 514 904 docent:
533 854 613 902 feralia
621 853 709 918 'lbnpai

137 923 248 985 Scipiadae
258 923 360 984 peritura
370 922 430 968 acies
436 922 486 984 jam
496 921 561 967 venit
570 920 594 966 in
603 935 664 976 arsa,

137 989 200 1044 Quae
211 995 246 1034 tot
256 984 403 1034 damnhsent
413 985 513 1034 crudelia
523 984 571 1032 fata
582 985 659 1032 ruinis.

169 1053 281 1114 AEquore,
292 1068 338 1114 quo
350 1051 432 1100 Siculis
443 1049 518 1111 Libye
529 1050 665 1112 disjungitur
676 1050 729 1108 oris,
740 1097 743 1104 ,

135 1118 239 1167 Alluitur
249 1118 320 1180 longo
331 1124 406 1164 tractu
415 1115 535 1178 peninsula
545 1113 658 1177 Thapsus,

137 1176 193 1237 Qut
204 1191 291 1245 spectat
302 1182 408 1229 Borean:
427 1179 523 1228 adversi
532 1187 596 1242 parte
607 1179 688 1242 palude

137 1246 258 1310 Cingitur:
279 1249 303 1294 in
314 1248 389 1294 medio
400 1253 435 1292 est
444 1246 519 1293 aditus
530 1246 642 1292 terrestris
653 1245 682 1292 ad
693 1243 781 1298 urbem.

137 1312 208 1360 Hanc
219 1314 325 1367 isthmon,
337 1312 440 1372 quamvis
450 1327 497 1358 non
508 1308 555 1358 late
565 1311 700 1364 extenditur.
712 1309 785 1357 altum

137 1377 229 1425 Dividit
239 1378 263 1427 in
275 1378 350 1425 medio
360 1385 475 1438 stagnum,
486 1377 595 1436 binasque
607 1375 713 1436 relinquit

136 1442 257 1505 Augustas
268 1443 374 1504 utrinque
384 1443 447 1490 vias:
465 1443 516 1489 haec
528 1440 609 1497 Caesar
617 1441 647 1487 ad
658 1455 698 1488 ora

137 1507 261 1558 Exteriore
271 1509 348 1555 isthmi
359 1514 493 1569 pervenerat
503 1508 594 1569 agmine
600 1507 662 1561 laeto,

138 1571 265 1635 Castraque
275 1574 388 1620 munierat
398 1572 464 1620 vallis
474 1572 579 1633 fassique
590 1568 708 1633 profundi,

137 1636 192 1695 Qua
202 1638 321 1701 Thapsum
332 1644 443 1700 spectant,
454 1652 484 1683 ne
494 1637 572 1685 forsan
582 1642 648 1698 terga
659 1650 752 1690 suorum

137 1702 168 1752 In
178 1702 257 1766 pugni
266 1704 419 1765 opprimerent
428 1704 508 1749 hostes
519 1716 549 1749 ex
560 1702 614 1748 urbe
625 1708 724 1749 ruentes.

170 1769 218 1816 Sed
227 1768 305 1815 fauces
314 1783 373 1830 pene
383 1772 493 1828 angustas
504 1762 621 1815 obsederat
632 1766 709 1813 isthmi

138 1833 230 1896 Scipi03
249 1831 361 1882 Caesareis
372 1832 511 1893 adserimus
522 1838 596 1879 casua
605 1828 703 1881 lecisset

138 1897 255 1961 Magnum
266 1913 323 1959 opus
332 1897 459 1952 intendens,
471 1898 491 1944 si
502 1898 601 1945 noncita
611 1895 807 1959 pugnadareiur31

136 1963 270 2026 Aggeribus
280 1964 378 2017 shuctis,
390 1960 503 2023 ductique
514 1963 543 2009 ad
553 1962 620 2009 litora
629 1960 697 2021 sossi,

136 2026 257 2091 Deceptus
267 2028 312 2075 illis
322 2028 438 2075 includere
447 2028 550 2076 saucibus
561 2027 646 2074 hostes.

137 2093 184 2141 Sed
195 2099 296 2157 coeptum
307 2094 380 2148 celare
391 2107 464 2147 mann,
476 2092 515 2139 vel
524 2090 584 2138 serra
594 2098 686 2153 paratus
726 2120 729 2125 -

137 2156 260 2206 Incursum
270 2158 330 2212 belli,
341 2158 436 2219 pulchro
446 2158 539 2205 instruit
549 2156 629 2203 ordine
639 2162 733 2203 turmas.

136 2222 255 2270 Romanas
263 2223 337 2270 medio
348 2222 451 2285 legiones
461 2223 510 2284 ipse
521 2222 647 2283 gubernem

136 2286 184 2334 Tot
190 2289 265 2335 varias
276 2288 357 2335 dextro
368 2294 451 2350 gentes
461 2302 503 2334 sua
513 2288 580 2349 signa
591 2294 680 2333 secum

137 2350 192 2398 Rex
202 2350 264 2400 Juba
274 2353 370 2399 ducebat
380 2367 463 2409 cornu3
479 2352 609 2412 laevumque
619 2352 711 2399 tenebat

137 2414 167 2460 In
179 2413 273 2476 Libycis
284 2416 368 2471 Varus,
381 2417 455 2464 Gallis
466 2414 582 2463 Labienus
592 2416 617 2463 iu
628 2415 704 2470 umis,

136 2478 315 2541 Teutonicisque
324 2480 403 2539 ferox3
420 2482 507 2529 alarum
516 2480 636 2537 frontibus.
648 2480 709 2528 altis-

102 2574 107 2581 ·
136 2543 269 2610 Aggeribus
278 2545 338 2591 bello
348 2545 434 2594 similes
444 2548 535 2594 stabant
545 2546 683 2609 elephantes.

137 2605 186 2653 His
192 2607 268 2669 juncti
279 2609 360 2656 Getuli
369 2611 458 2671 equites
469 2610 624 2672 Numidaeque
634 2616 761 2659 stetemnt:

138 2670 205 2719 Pone
214 2670 274 2721 feras
284 2674 355 2723 varie
365 2683 448 2739 gentes
456 2677 518 2726 levia
525 2690 589 2727 mma
598 2676 715 2739 gerebant,
