1884 2950
145 140 177 186 92
409 130 543 183 LUCANI

141 263 273 312 Lauriferos
282 262 344 311 nullo
355 262 473 310 comitetur
482 264 576 311 vulnere
586 262 681 311 currus?

112 368 114 375 Α
140 328 198 383 Vos,
209 329 317 391 despecta,
328 343 400 382 senes,
411 329 562 389 exhaustaque
573 328 681 389 sanguine
691 328 760 381 turim,

139 391 244 443 Cernetis
254 400 349 447 nostros,
356 394 404 455 jum
414 394 477 455 plebs
487 392 598 446 Romam
609 394 740 454 triumphos.

140 457 238 505 Caesaris
248 472 277 504 an
287 473 366 505 cursus
376 466 458 504 vestrae
469 459 552 504 rendre
561 458 644 519 putatis

140 521 258 569 Damnum
268 538 334 583 posse
344 522 424 583 iirgae?
440 523 517 576 veluti,
529 522 547 567 si
559 519 640 569 cuncte
649 522 762 569 minentur

140 586 251 641 Dumina,
263 602 318 647 quos
329 588 423 633 miscent
432 587 520 649 pelago,
531 586 652 633 subducere
662 585 743 640 soum

139 651 195 697 Non
206 652 278 712 magis
288 652 366 697 ablotis
373 666 479 711 umquam
490 652 626 697 decresceret
636 665 720 711 sequor,

140 714 216 769 Quarn
227 730 287 761 nunc
298 716 383 773 crescit,
395 716 470 775 aquis:
490 730 520 761 arr
530 730 571 761 vos
582 722 696 761 momentu
705 716 788 777 patrus

140 778 195 827 Ulla
206 779 291 825 dedisse
301 777 374 824 mihi?
391 794 512 840 numquam
523 779 556 825 sic
563 794 617 825 cura
628 778 731 832 Deorum
753 784 803 827 340

141 842 172 891 Se
181 844 268 905 premit,
280 850 305 889 ut
315 850 397 891 vestrae
407 844 481 899 morti,
492 850 617 905 vestraeque
628 844 700 899 saluti,

140 908 198 955 Fato
207 914 294 954 vacent.
312 906 432 954 Procerum
443 915 519 956 motus
528 909 578 954 brec
588 914 669 955 cuncto
674 915 802 970 sequuntur.

142 970 275 1019 Humanum
285 974 361 1033 paucis
371 973 428 1021 vivit
437 988 517 1033 genus.
549 972 616 1019 Orbis
628 971 708 1019 Hiberi

141 1036 238 1092 Horror,
249 1042 271 1083 et
282 1036 367 1091 Arctoi,
379 1044 456 1083 nostro
467 1038 508 1083 sub
519 1036 609 1083 nomine
619 1037 690 1092 miles,

141 1100 249 1163 Pompeio
260 1098 321 1147 certi
331 1101 420 1163 fugeres
431 1102 494 1148 duce.
526 1100 601 1147 Fortis
611 1102 635 1147 iu
645 1102 713 1149 armis
730 1150 736 1164 ἱ,

142 1164 251 1214 Caessreis
262 1164 374 1213 Labienus
386 1173 448 1223 erst3
465 1181 525 1213 nunc
535 1164 651 1227 transfuga
662 1166 712 1213 vilis

142 1229 203 1279 Cum
214 1230 271 1277 duce
280 1231 372 1292 praeluto
383 1237 452 1277 terras
463 1237 528 1291 atque
538 1245 629 1291 aequora
638 1231 724 1277 lustret

141 1294 192 1342 Nec
202 1296 280 1342 melior
290 1296 344 1342 mihi
355 1302 429 1343 vestra
439 1294 501 1349 fides,
518 1295 537 1341 si
547 1294 604 1341 bellu
614 1309 656 1341 nec
666 1295 736 1349 hoste,

140 1358 192 1407 Nec
203 1360 259 1406 duce
269 1375 311 1413 me,
318 1359 402 1421 geritis,
413 1360 511 1420 quisquis
521 1374 572 1405 meo
577 1360 643 1420 Quo
652 1358 784 1419 relinquens,

140 1424 197 1470 Non
208 1423 349 1486 Pompeianis
360 1424 426 1471 tradit
437 1439 477 1470 sus
486 1424 584 1486 partubus
593 1438 661 1478 arms,
751 1427 802 1471 550

140 1488 188 1536 Hic
197 1504 319 1549 ,numquam
327 1489 376 1536 vult
386 1505 435 1536 esse
445 1505 515 1536 meus
549 1489 607 1535 Sunt
616 1489 660 1536 ists
669 1487 769 1550 proiecto

140 1552 210 1602 Curse
221 1560 293 1600 castra
302 1552 367 1608 Deis,
379 1555 417 1614 qui
427 1569 464 1600 me
473 1554 612 1600 committere
621 1554 695 1607 tantis,

138 1617 200 1672 Non,
212 1617 254 1664 nisi
265 1625 357 1672 mutato,
368 1619 493 1673 voluerunt,
504 1618 580 1672 milite,
590 1617 660 1664 bellis.

138 1681 200 1737 Heu,
212 1688 318 1741 quantum
330 1682 431 1732 Fortuna
440 1683 538 1730 humeris
544 1684 592 1744 jem
602 1682 700 1744 pondere
710 1680 776 1729 fessis

137 1746 252 1793 Amolitur
262 1747 333 1796 onus!
351 1753 465 1808 sperantes
476 1747 550 1794 omnio
559 1746 650 1794 dextras

137 1811 262 1859 Exsmrare
272 1811 342 1866 datur,
358 1813 437 1872 quibus
447 1813 535 1859 hicnon
545 1811 628 1858 sufficit
637 1810 703 1858 orbis.

135 1875 188 1924 Jam
199 1872 260 1922 certe
270 1875 324 1921 mihi
334 1876 391 1923 bello
401 1891 486 1938 gerum:
496 1876 601 1923 disoedite
611 1876 699 1931 eastris:

135 1939 227 1988 Tradite
237 1943 312 1988 nostra
322 1941 376 1987 viris
386 1941 462 2002 ignavi
472 1941 543 2003 signa,
555 1940 662 1994 Quirites.

136 2005 169 2052 At
179 2019 268 2067 paucos,
279 2006 358 2066 quibus
369 2006 417 2052 haec
428 2005 500 2052 rabies
510 2006 635 2052 auctoribus
641 2005 702 2060 arsit,

137 2068 193 2116 Non
206 2067 289 2124 Caesar,
302 2069 341 2117 sed
350 2085 418 2132 poenu
428 2076 496 2118 tenet.
514 2068 657 2117 Procumbite
667 2077 739 2126 terrae,
750 2073 800 2118 360

136 2133 279 2195 Infidumque
291 2142 362 2197 caput,
373 2134 515 2196 feriendaque
525 2133 609 2180 tendite
619 2134 683 2181 colis.

138 2199 171 2246 Et
182 2206 213 2253 tu,
225 2215 270 2260 quo
281 2200 329 2247 solo
341 2200 429 2246 stabunt
435 2201 485 2262 jam
496 2199 575 2246 robore
585 2204 663 2254 costra,

136 2263 193 2310 'liro
203 2264 271 2318 rudis,
283 2271 359 2327 specta
368 2278 452 2326 poenss,
464 2270 488 2310 et
498 2264 559 2310 disce
568 2263 641 2318 ferire,

137 2328 210 2375 Disce
221 2329 285 2374 mori,
318 2327 420 2376 Tremuit
426 2326 488 2376 saevi
498 2327 540 2376 sub
549 2343 606 2375 voce
616 2328 721 2375 minantis

137 2391 230 2452 Vulgus
240 2392 315 2448 inera;
332 2407 445 2453 unumque
456 2398 522 2453 ceput
532 2399 578 2438 tom
588 2406 672 2454 msgnu
677 2393 787 2453 juventus

138 2455 255 2502 Privatum
265 2455 356 2510 factura,
367 2456 443 2513 timet;
460 2456 523 2502 velut
533 2455 622 2503 ensibus
631 2457 685 2517 ipsis

138 2519 235 2580 Inperet,
247 2520 318 2566 inuito
329 2526 430 2567 moturus
442 2520 512 2570 milite
521 2518 613 2568 iescam.

138 2582 191 2644 Ipse
202 2592 274 2644 pavet,
286 2599 315 2630 ne
326 2584 370 2630 tela
380 2585 421 2632 sibi
431 2585 561 2646 dextraeque
570 2592 682 2646 negentur

138 2647 178 2694 Ad
188 2647 260 2695 scelus
271 2648 324 2705 hocf
334 2645 427 2698 Caesar:
444 2648 500 2698 vicit
509 2650 616 2711 pudentia
625 2649 680 2697 aevi
