1884 2950
164 127 196 177 se
394 153 397 160 ,
427 106 578 174 tocmr

160 245 277 315 Quidquid
287 253 315 298 nb
325 248 424 302 occiduis
435 253 509 314 Libye
518 259 581 314 patet
591 253 653 300 srids
662 251 761 309 Mauris,
787 245 790 252 ’

160 317 241 379 Usque
253 317 392 366 Pnraetonias
403 317 454 364 Eoii
462 319 490 366 ad
500 319 566 364 litore
577 318 663 379 Syrtes.

160 381 282 445 Acciperet
292 381 346 430 felix
357 397 386 432 ne
397 398 443 430 non
454 383 524 430 semel
534 384 610 430 omnis
620 381 706 438 Caesor,

159 446 396 509 Vincendumporiter
408 447 525 494 Pharsalia
533 448 639 508 praestitit
647 449 733 495 orbern.

160 509 204 560 Ilio
215 513 252 560 ubi
261 514 360 561 deseruit
370 513 502 574 trepidantis
511 513 596 558 moenia
610 516 695 567 tromae,
717 565 722 571 ¹
822 510 825 519 '

158 575 259 639 Agmine
270 577 393 625 nubiferum
404 584 468 638 rapto
478 578 620 638 superevolat
627 576 724 638 Alpem:
824 610 829 615 -

160 639 266 704 Cumque
276 641 335 689 nliif
399 641 476 708 populi
486 649 572 689 terrore
581 649 695 702 paverent,
772 640 828 689 300

161 705 260 754 Phocais
269 708 293 754 in
304 707 334 754 du
356 722 375 753 rs
386 722 440 754 ausa
450 713 485 752 est
496 721 585 752 servare
590 707 700 768 juventus

160 769 216 818 Non
229 769 299 818 Greid
309 771 399 817 levitate
410 771 483 823 fidem,
501 771 634 831 signateque
639 772 699 832 jure,

159 835 193 882 Et
204 847 307 890 censs&
317 850 363 881 non
374 835 425 890 fata,
438 835 514 896 sequi:
534 842 609 880 temen
620 842 673 881 ante
683 834 786 884 furorem

160 898 305 955 Indomitum,
323 900 445 960 duramque
456 901 498 945 viri
508 899 627 945 deflectere
636 907 736 946 mentem

160 963 264 1077 Socifero
275 979 378 1011 sermone
387 971 473 1026 perant,
485 964 617 1023 hostemque
626 965 776 1025 propinquum

183 1036 239 1084 rent,
252 1027 368 1090 Cecropiae
380 1026 472 1090 praelati
481 1028 561 1075 froude
571 1028 692 1076 Minervae.
778 1061 781 1064 -
842 1045 846 1050 ’

192 1094 287 1156 Semper
296 1095 320 1140 in
330 1095 429 1140 externis
440 1093 523 1155 populo
533 1094 661 1139 communis
670 1096 747 1140 vestrd

159 1157 285 1206 Mensilimn
296 1158 359 1205 bellis
369 1157 464 1204 testatur
474 1157 521 1204 ints
530 1159 614 1212 tulisse,

159 1222 767 1286 Comprensaesthtiisquaecumquennnslibus,aetut.
817 1241 826 1282 J

158 1287 192 1336 Et
203 1303 270 1343 nune,
286 1290 366 1350 ignoto
377 1289 395 1334 si
406 1303 463 1347 quos
473 1288 532 1348 petis
542 1288 596 1332 orbe
605 1288 737 1348 triumphos,
771 1286 827 1335 316

158 1353 245 1415 Accipe
255 1354 348 1399 devotus
359 1360 452 1399 extenta
461 1353 486 1397 in
495 1352 576 1413 proelis
584 1352 682 1398 dextrae.

159 1418 194 1464 At
205 1420 223 1464 si
234 1417 334 1464 funestas
345 1419 410 1471 scies,
428 1417 447 1462 si
458 1417 506 1462 dire
515 1417 598 1478 parntis
625 1451 629 1456 .

159 1482 245 1530 Proelia
255 1484 374 1537 discordes,
385 1483 489 1529 lacrimas
500 1482 600 1529 civilibus
610 1483 685 1536 armis,

159 1542 320 1612 Secretumque
331 1547 409 1594 dsrnus
415 1560 422 1592 t
442 1553 566 1593 tractentur
575 1548 670 1593 vulnere
679 1545 741 1594 nolit

160 1614 308 1660 Sacra-runnu
316 1630 328 1659 ιἸ
342 1614 360 1659 si
372 1628 384 1659 c
394 1612 479 1658 'licolis
488 1612 551 1663 furor
561 1626 623 1657 srms
633 1612 737 1665 dedisset,

157 1677 207 1725 Aut
218 1677 236 1723 si
247 1678 368 1738 terrigenae
378 1683 491 1723 tentarent
500 1684 561 1723 nsua
570 1676 682 1737 gigantes,

158 1741 215 1791 Nou
225 1749 302 1791 tamen
311 1742 404 1789 auderet
412 1742 484 1802 pietas
495 1742 592 1787 humans
602 1741 640 1787 rel
649 1740 724 1794 ermis,

157 1806 204 1855 Vel
213 1808 279 1862 votis
290 1804 475 1869 prodeseelJorh
492 1806 603 1866 sortisque
613 1804 730 1857 Deorum„

160 1870 270 1935 ignarum
282 1871 376 1917 mortale
386 1886 465 1933 genus,
482 1886 523 1932 per
532 1870 627 1917 fulmina
635 1876 725 1917 tentum

158 1936 238 1991 Sciret,
250 1937 321 1983 adhuc
333 1936 392 1981 ccelo
402 1936 475 1983 solum
486 1950 582 1997 regnare
592 1934 729 1981 Tonantem.
771 1932 825 1981 ³⁹0

158 1998 232 2057 Adde,
249 2002 309 2062 quod
319 2001 443 2048 innumerae
454 2007 591 2047 concurrunt
601 2000 699 2060 undique
708 2005 806 2060 genten

158 2066 211 2114 Nec
222 2068 255 2122 sic,
265 2068 341 2113 horret
351 2066 412 2112 iners
422 2065 644 2126 scelerumcontegio
654 2064 757 2119 mundus,

160 2131 196 2178 Ut
206 2131 287 2194 gladiis
298 2137 380 2191 egesnt
391 2130 464 2177 civilia
474 2130 532 2177 belis
543 2132 634 2177 conctis.

158 2196 194 2244 Sit
204 2209 271 2243 menn
279 2194 323 2242 ists
333 2196 422 2256 quidem
434 2196 527 2249 cunctis,
544 2202 570 2241 ut
580 2202 656 2241 restn
665 2199 772 2241 recusent

158 2260 222 2316 Fata,
240 2273 284 2308 nec
293 2262 342 2307 haec
353 2260 409 2307 alius
420 2260 546 2306 committat
555 2260 635 2321 proelis
643 2259 716 2308 miles.

158 2323 204 2375 cui
214 2337 261 2373 non
271 2331 392 2387 conspecto
402 2326 518 2386 languebit
528 2325 608 2370 dextra
616 2322 727 2385 parente?
820 2320 826 2334 ’“

153 2388 259 2450 'reisque
269 2390 351 2436 diversi
361 2388 509 2450 prohibebunt
519 2404 625 2450 spargere
638 2387 730 2434 frenes.-

158 2452 223 2501 Finis
234 2454 300 2500 sdest
309 2468 391 2508 rernm,
409 2454 428 2500 si
439 2468 486 2500 non
496 2453 637 2501 committitis
647 2452 693 2498 illis

158 2518 238 2572 Anne,
249 2518 330 2578 quibus
336 2517 370 2565 fos
376 2526 418 2565 est.
430 2517 504 2565 Nobis
510 2520 559 2565 brec
567 2532 657 2565 eruntne
661 2514 767 2579 preeunt
770 2530 778 2573 ς
817 2554 819 2557 .

158 2580 280 2629 Terribiles
290 2583 383 2644 equile-t,
397 2582 526 2643 ,infestaque
535 2584 609 2646 signs,
625 2582 738 2641 relinqunt
773 2582 827 2626 350

159 2646 225 2695 Urbe
233 2648 327 2711 procul,
334 2648 462 2711 nostrisque
473 2648 532 2697 velis
541 2655 564 2697 te
578 2646 758 2700 creos-mons,
