1884 2950
147 99 183 144 ur
400 90 546 145 'Lucam

148 226 231 275 Acrior
241 225 274 272 ira
282 225 350 272 subit:
370 235 445 272 saevos
455 211 606 288 circumspicit
613 230 685 281 enses,

148 291 238 339 Oblitus
250 289 354 337 simulare
364 298 457 352 togam:
475 297 525 337 tum
534 290 605 340 Cotta
615 290 738 338 Metellum

148 355 265 418 Compulit
275 355 353 402 audaci
364 356 458 402 nimium
469 356 578 403 desistere
587 364 670 418 erepto.

148 421 258 476 Libertas,
269 421 349 480 inquit,
359 421 443 482 populi,
455 434 523 482 quem
534 436 606 484 regna
616 421 729 477 coercent,

148 485 265 534 Libertate
274 486 345 547 perit;
363 487 427 548 cujus
435 487 681 542 servaveris'umbram,

148 552 180 607 si,
192 551 299 616 quidquid
305 551 405 612 jubente,
416 551 484 598 velis}
498 557 534 598 tot
547 552 613 598 rebus
624 551 707 612 iniquis

149 615 269 664 Paruimus
277 615 344 674 victi:
363 616 431 662 venia
440 622 477 662 est
484 617 534 662 haec
545 616 593 663 sola
603 616 702 678 pudoris,

151 681 325 744 Degenerisque
336 688 417 736 metus,
434 681 465 726 nil
472 681 522 742 jam
532 681 634 742 potuisse
643 679 730 742 negari,
796 678 799 682 ’

149 746 225 794 Ocius
232 751 319 792 averrat
327 743 368 791 (liri
378 745 438 792 mala
448 746 535 792 semina
540 746 600 792 belli.
763 739 812 793 lsi)

151 810 245 858 Damna
255 817 348 858 movent
357 811 459 872 populos,
478 812 497 858 si
507 825 564 871 quos
575 806 675 874 suajura
684 815 793 867 tuentum

148 875 205 924 Non
215 876 264 930 sibi,
275 875 315 922 sed
324 876 418 922 domino
425 876 502 938 gravis
512 882 554 931 est,
564 889 616 936 quae
624 877 700 931 servit,
711 880 809 938 egesar

149 941 257 988 Protinus
268 941 363 986 abducto
373 946 494 1001 patuerunt
504 942 589 1002 templa
598 940 703 988 Metello.
773 947 776 958 '

147 1001 215 1053 'Eune
225 1019 292 1067 rupes
302 1003 400 1067 Tarpeia
410 1011 482 1061 sonat,
498 1020 627 1068 magnoque
636 1005 737 1054 reclusas
796 995 803 1012 ’

148 1069 258 1118 Testatur
267 1069 361 1116 stridore
370 1069 445 1117 fores:
464 1077 521 1116 tunc
529 1071 634 1118 conditus
644 1071 691 1117 imo

148 1136 245 1184 Eruitur
254 1135 346 1196 templo,
363 1135 439 1182 multis
450 1151 497 1182 non
508 1142 582 1182 tactus
593 1136 620 1182 ab
631 1136 703 1189 annis,
801 1143 803 1147 '

147 1201 247 1250 Romani
258 1214 338 1247 census
347 1201 431 1262 populi,
442 1216 509 1262 quem
521 1199 608 1247 Punica
616 1200 681 1254 hello,
793 1261 796 1264 ἢ

146 1265 225 1322 Quem
237 1267 327 1312 dederat
339 1264 426 1321 Perses,
443 1279 511 1326 quern
521 1266 576 1312 victi
586 1265 663 1328 praeda
673 1259 787 1326 Philipp13

149 1331 219 1385 Quod
225 1331 272 1385 tibi,
278 1329 654 1392 Romafugil‘yrrhustrepidante
660 1329 761 1390 reliquit;

150 1396 204 1450 Quo
216 1402 239 1441 te
250 1393 365 1441 Fabricius
375 1396 424 1457 regi
435 1411 482 1442 uon
493 1396 593 1442 rerdidit
603 1408 670 1451 suro;
765 1397 813 1440 160

151 1459 267 1521 Quidquid
276 1476 395 1521 parcorum
406 1476 481 1508 mores
491 1458 597 1507 servistis
608 1474 718 1517 avorum3

62 1554 66 1561 ·
150 1525 220 1579 Quod
231 1525 288 1570 dites
299 1525 363 1571 Asiae
373 1526 450 1587 populi
460 1522 542 1572 misere
552 1526 667 1580 tributum,

150 1588 284 1650 Victorique
294 1590 355 1637 dedit
365 1588 458 1637 Minoia
469 1589 539 1639 Creta
549 1590 661 1647 Mecum

150 1654 220 1709 Quod
232 1652 291 1701 Cato
300 1654 425 1717 longinqui
434 1656 498 1702 vexit
508 1665 575 1716 super
586 1669 678 1715 aequora
688 1650 775 1715 Cypro.

150 1717 217 1766 Tunc
228 1718 329 1765 Orientis
339 1735 394 1781 opes
410 1726 572 1782 captorumque
580 1720 662 1766 ultima
672 1732 760 1780 τεμῶ,

147 1784 210 1839 Quae
222 1782 366 1847 Pompeianis
376 1784 470 1849 prdsta
479 1792 521 1840 est,
536 1798 604 1847 gaza,
620 1782 747 1845 triumphis,

149 1848 272 1911 Egeritur:
291 1850 350 1895 tristi
361 1850 485 1911 spoliantur
495 1850 579 1910 templa
589 1846 681 1911 rapini;
746 1865 750 1872 “

149 1910 318 1975 Pauperiorque
327 1913 371 1960 fuit
381 1920 435 1961 tunc
450 1915 548 1977 primum
561 1912 653 1962 Caesare
663 1912 747 1961 Roma.

181 1977 272 2025 Interea
281 1985 355 2026 totum
366 1978 450 2041 Magni
460 1979 552 2026 iortuns
560 1995 602 2041 per
611 1979 688 2025 orbem

151 2042 234 2091 Secum
245 2058 335 2091 casuras
345 2045 369 2091 in
379 2045 459 2106 proelia
469 2051 572 2091 moverat
581 2045 655 2091 urbes.
766 2040 813 2096 170

149 2107 259 2155 Proxima
269 2110 344 2155 vicino
354 2110 415 2156 vires
425 2109 464 2155 dat
475 2109 568 2156 Graecia
576 2109 642 2155 bello.
758 2142 762 2149 -

150 2172 275 2221 Phoenicas
286 2174 397 2235 Amphion
406 2188 494 2229 manus,
510 2174 673 2236 scopulosaque
683 2169 772 2227 curra.

151 2238 310 2299 Parnasusque
317 2240 375 2304 jugo
385 2239 448 2286 misit
458 2239 560 2285 desertus
570 2245 673 2299 unoque.

149 2304 227 2351 Boeoti
238 2306 312 2351 coiere
323 2305 397 2359 duces,
414 2318 471 2365 quos
481 2305 572 2366 inpiger
581 2304 650 2351 ambit

150 2367 253 2416 Fotidici
263 2366 375 2430 Cephisos
386 2366 448 2430 aqui,
466 2366 612 2430 Cadmeaque
621 2367 702 2422 Diree,

151 2432 278 2493 Pisaeaeque
288 2448 375 2489 manus,
392 2433 526 2495 populisque
535 2448 576 2495 per
586 2447 677 2494 aequora
687 2430 780 2477 mittent

150 2492 246 2545 Sicaniis
258 2497 359 2559 Alpheos
370 2512 450 2559 aquas.
481 2496 549 2545 Tunc
560 2496 663 2545 Maenala
671 2496 738 2557 liquit
776 2519 778 2522 ·

149 2562 229 2618 Arcas,
247 2570 271 2609 et
282 2561 419 2611 Herculeam
430 2563 496 2610 miles
505 2560 641 2610 Trachinius
652 2560 732 2609 OEten.
784 2562 788 2569 '
875 2612 879 2621 ¹

148 2624 755 2693 ThesprotiDryopesqueruuntfqnercmqaen'lentu
