1884 2950
253 156 304 208 AI)
319 155 500 208 bucinum
516 157 617 208 121211.
649 165 659 186 ³
723 161 771 207 257

109 287 164 336 Sive
174 286 253 336 Deum
262 289 349 352 puduit,
359 290 424 352 leges
434 289 607 352 uenerandaque
612 291 665 354 jure

108 352 209 402 cenna
218 356 310 417 igmvae
320 356 394 403 solum
404 356 485 402 debere
495 356 589 402 salutem

107 418 218 473 Deediae,
229 428 253 466 et
261 421 339 482 potius
348 421 463 468 smuisset
472 421 565 482 perdere
576 419 660 476 Marte,

108 482 187 538 Qudrn
197 485 231 532 sic
241 499 346 543 servere3
363 485 489 540 othelium,
500 487 560 546 quod
571 491 683 533 struxerat
694 483 755 541 olim,

108 548 247 598 Destrueret
258 566 346 597 rursum
356 551 444 612 imperii
454 549 546 612 fastigia
556 552 630 608 tunti3

109 613 163 669 Nec
173 614 225 676 plus
235 630 272 662 res
282 614 360 662 letias
370 614 429 662 fecie
440 613 561 676 Cleopatra
572 621 676 671 nocente,

64 703 68 711 ·
109 676 188 734 Quim
198 679 268 741 gladii
277 680 368 736 ultores,
379 687 404 727 et
413 679 523 727 Thessala
533 681 725 742 osstrajuvarent.

142 743 201 792 Non
211 750 288 791 temen
298 743 312 791 i
324 744 412 792 Phariis
421 746 495 807 primo
506 746 581 792 civilis
588 746 647 792 belle

108 809 208 858 Deliciis
217 806 307 856 traxere
315 811 402 865 dueem,
413 816 532 858 tantumve
543 825 646 872 soporem

109 870 243 922 Excussere
252 876 313 922 tuboe
324 874 407 922 Latiae.
436 874 491 922 Rex
501 875 578 922 debilis
588 875 652 922 illum

80 955 83 960 ·
110 937 145 987 Et
156 937 202 986 citd
212 955 304 987 casurus
316 939 444 988 Pharnaces
454 941 545 994 excitet,
557 947 640 988 utnon

110 1001 166 1066 Ipse
176 1012 228 1052 ruat
237 1005 312 1052 solus:
332 1006 372 1053 sed
382 1020 459 1052 seeum
469 1005 584 1052 nobilioris

111 1067 171 1116 Feta
179 1071 254 1118 trsbet
263 1071 348 1132 populi.
380 1071 425 1125 Sic,
435 1085 489 1116 cum
499 1070 535 1116 leo
546 1085 643 1132 mugnus
654 1070 738 1134 apertio
803 1102 807 1106 -

111 1132 230 1182 Dormivit
241 1137 332 1197 esmpis,
342 1136 427 1197 passim
437 1134 558 1182 formidine
569 1134 631 1182 nulld

110 1197 184 1246 Illaesi
195 1197 299 1262 carpsere
308 1216 392 1263 greges
403 1215 445 1248 sua
453 1200 548 1262 pebuls;
565 1215 648 1261 pervus

113 1262 186 1312 Forte
196 1265 264 1312 uidex
274 1266 371 1313 stimulis
380 1265 500 1313 audacibus
509 1279 551 1312 ore
560 1265 633 1312 leonis

114 1328 176 1378 com
187 1332 290 1393 pupugit,
301 1346 382 1386 somno
392 1346 489 1380 exeusso
499 1329 548 1380 iere
557 1330 638 1376 nobilis
647 1326 682 1375 ird

113 1392 252 1443 Infreudens
261 1395 352 1458 magni,
362 1405 482 1458 postquem
493 1395 622 1457 protriverit
632 1394 722 1442 hostem

113 1458 241 1523 Exiguum,
252 1462 353 1509 nondum
362 1463 485 1511 noricum
495 1467 582 1516 nectus,
592 1461 616 1508 in
627 1476 719 1511 omnem

113 1523 225 1574 Prosiluit
235 1542 346 1590 cemprun,
356 1535 503 1589 gresssteque
514 1527 624 1588 sunguine
634 1526 707 1575 multo

114 1590 203 1643 Stravit
212 1607 290 1653 equos,
301 1593 382 1639 stravit
392 1599 478 1647 tsuros,
488 1598 633 1653 armentoque
644 1597 692 1639 tots

114 1654 204 1717 lingui
215 1658 293 1705 culicis
302 1659 421 1705 temeraria
429 1658 595 1705 fectaluerunt
683 1684 684 1687 =

146 1720 247 1781 Munere
258 1722 364 1785 Pompeii
374 1722 503 1771 Pharnaces
513 1722 594 1783 impius
605 1721 659 1769 olim

114 1782 271 1844 Cimmerium,
282 1796 306 1835 et
315 1789 412 1850 pretium
423 1788 520 1841 sceleris,
532 1787 634 1835 diadema
644 1786 735 1850 recepit.

113 1849 192 1898 Natus
202 1860 252 1899 erat
261 1865 346 1916 magno
357 1852 427 1901 Ponti
438 1852 578 1907 Mithridate,
589 1852 690 1913 potentis

115 1915 166 1970 Qui
174 1918 264 1978 populis
275 1918 341 1966 Asiae
350 1919 472 1979 quendem
484 1918 605 1978 Graiisque
615 1916 725 1972 subactis,

112 1980 210 2029 AEmule
220 1982 332 2031 Romerris
341 2000 382 2045 per
392 1991 464 2031 terres
475 1998 537 2029 anns
547 1982 650 2045 gerebam

115 2045 163 2100 Qui
174 2048 249 2095 vietus
259 2050 357 2104 tundens,
365 2057 389 2096 et
401 2048 505 2109 Pompeii
515 2048 600 2094 viribus
611 2046 673 2093 omni

112 2108 208 2159 Exutus
219 2128 297 2175 regno,
308 2114 355 2162 nuti
365 2115 481 2176 impietate
492 2112 581 2159 nefandi

113 2174 224 2227 Proditus
233 2186 282 2235 αις
299 2179 424 2239 ceciditque
433 2180 509 2225 minor
523 2178 556 2225 sic
566 2175 640 2239 gloria
650 2174 748 2239 Mogno.

147 2240 290 2289 Pharnacem
300 2242 370 2290 nimii
381 2259 442 2290 nunc
452 2243 574 2290 ambitione
584 2247 717 2296 tumentem,

114 2303 177 2355 eun
187 2307 278 2369 peribus
289 2308 373 2355 dudum
384 2307 599 2369 signis'concurrere
610 2306 684 2367 signs,

114 2370 155 2417 Ro
288 2374 355 2428 ecies,
369 2379 393 2419 et
403 2380 474 2421 tuntae
486 2374 566 2419 robora
576 2372 652 2435 gentis

115 2433 147 2483 In
155 2386 331 2485 mom
340 2452 450 2485 converse
459 2438 544 2493 furore,

115 2499 243 2555 Quaerendi
254 2518 350 2564 regnum
361 2504 447 2565 pepulit
457 2518 509 2565 spes
519 2517 578 2550 vass
587 2509 720 2565 paternum:

116 2564 195 2619 Qurem
204 2566 275 2613 fallax
284 2568 358 2629 primo
363 2569 425 2630 juvit
436 2566 546 2623 Fortuna,
556 2567 639 2615 futuris

116 2629 251 2693 Deceptura
259 2632 341 2690 melis3
357 2634 462 2694 urbisque
474 2634 502 2680 sd
510 2634 595 2681 moeoia
604 2645 703 2694 magne,

116 2694 194 2753 Quam
204 2696 310 2747 debellati
318 2697 460 2748 Mithridatis
470 2706 584 2749 struxerat
593 2698 648 2747 olim

803 2820 805 2823 ·
865 2752 925 2919 u
