1884 2950
282 144 492 196 PHARSALIAE
507 145 614 201 anu
745 155 789 200 111

107 328 113 343 ι
127 270 172 321 me
183 292 259 324 moras
268 276 329 333 terri,
340 288 462 324 nervorum
471 282 496 323 et
505 276 596 324 vincula
605 278 695 343 mmpit,
793 286 796 293 '

128 339 236 395 Adlixsrn
247 342 335 389 vellens
346 340 412 389 oculo
422 340 535 401 pendente
545 341 651 402 sagittam

128 401 268 467 Intrepidum,
280 406 395 466 telumque
406 420 447 451 suo
457 420 510 452 cum
519 404 605 453 lumine
615 408 695 455 odeat

130 466 250 517 Pannonis
260 472 321 517 band
331 472 394 517 alitor
404 476 457 532 post
467 470 537 517 ictum
547 472 629 519 saevior
640 487 699 528 urso,
743 464 792 521 220

128 531 190 581 Cum
196 536 299 598 jsc'ubun
309 534 379 597 porvt
389 528 461 596 Libya
471 536 595 584 amentavit
600 535 693 593 babenti,

129 598 160 645 ue
171 608 232 647 rotat
242 601 266 661 in
277 601 374 657 rulnus;
390 600 505 660 telumque
514 601 571 647 irats
580 608 695 663 receptum

128 661 223 725 lnpetit,
234 673 257 711 ct
267 674 344 711 recum
353 664 479 726 fugientem
490 665 570 711 circuit
579 666 673 713 bastani.
792 671 796 677 ⁴

128 726 261 776 Perdiderat
268 730 356 777 uultum
367 730 451 777 rabies:
470 730 533 775 stetit
542 730 613 776 imbre
622 737 716 779 cruento

129 790 239 841 Informis
247 794 329 861 facies:
348 794 414 841 lactus
424 793 501 855 fragor
512 795 596 841 oetbera
605 796 680 855 pulset

129 856 266 905 Victorum:
285 862 370 922 majora
379 859 434 906 viris
445 854 458 903 ὂ
470 860 580 920 sanguine
592 874 663 920 parvo

128 922 223 971 Gaudia
232 938 278 971 non
288 924 372 971 faceret
382 930 527 985 conspectum
538 924 562 969 in
573 922 667 971 Caesare
677 925 767 973 vulnus.

128 984 173 1033 Ille
183 995 266 1051 tegens
276 986 322 1035 alst
332 1000 475 1052 suppressum
485 994 561 1035 mente
570 988 676 1044 furorem,

50 1058 55 1069 ·
129 1050 207 1107 Mitis,
216 1060 240 1101 et
250 1051 264 1101 t
273 1054 338 1103 vultu
348 1054 437 1115 penitus
448 1054 532 1102 virtute
542 1052 635 1109 remeet

127 1114 227 1172 Parcite,
238 1119 276 1173 sit,
287 1119 359 1167 cives:
372 1117 451 1179 procul
460 1118 513 1164 binc
523 1118 619 1165 avertite
627 1116 722 1166 sermm:
741 1120 792 1165 2³0

129 1178 250 1229 Collatura
260 1183 317 1233 mese
328 1183 361 1229 nil
371 1190 423 1231 sunt
429 1184 479 1246 jam
489 1182 586 1230 vulnem
593 1184 674 1229 morti:

129 1244 187 1297 Non
198 1254 252 1308 eget
263 1248 364 1309 ingestis,
375 1248 415 1295 sed
425 1247 495 1295 vulsis
505 1254 596 1309 pectore
604 1246 664 1293 telis.

129 1308 222 1366 Tollite,
234 1314 292 1359 etin
300 1312 384 1374 Magni
394 1312 509 1359 viventem
515 1312 592 1373 ponite
599 1311 693 1357 castris:

130 1373 188 1421 Hoc
197 1385 275 1423 uestro
284 1384 390 1438 praestate
401 1376 466 1423 duci:
486 1377 516 1423 sit
526 1376 607 1426 Scaeva
616 1376 688 1422 relicti

131 1436 230 1488 Caesaris
241 1442 369 1504 exemplum
379 1442 460 1504 potius,
471 1438 539 1502 quim
549 1441 629 1488 mortis
638 1442 749 1489 benedic,

131 1502 233 1553 Credidit
243 1506 322 1556 infelix
333 1507 442 1554 simulans
452 1507 544 1554 vocibus
553 1505 641 1562 Aulum

131 1568 184 1616 Nec
195 1570 252 1616 uidit
261 1579 326 1618 recto
333 1571 436 1633 'gladium
444 1584 555 1618 mucrone
565 1564 694 1619 tenentemr

131 1633 280 1696 Membraque
290 1637 372 1697 captivi
382 1637 463 1696 puriter
473 1635 559 1684 lsturus
567 1643 591 1682 et
600 1643 670 1690 mma,

131 1696 282 1754 Fulmineum,
287 1699 367 1748 mediis
376 1701 465 1762 excepit
474 1700 575 1750 faucibus
584 1708 669 1747 entem.
770 1705 775 1715 '

132 1761 229 1823 Incaluit
239 1766 329 1821 virtus3
347 1772 413 1828 etque
421 1763 469 1812 'und
479 1764 542 1812 caede
552 1763 650 1813 resectus
744 1764 793 1809 eto

133 1826 219 1883 solvat
231 1829 269 1884 ait,
283 1844 369 1891 poenas,
382 1829 486 1880 Scaevsm
497 1831 632 1889 quicumque
642 1829 761 1879 subactum

133 1891 249 1954 speravit:
268 1907 346 1954 pacem
357 1893 434 1952 gladio
444 1894 463 1938 si
474 1894 555 1955 querit
566 1893 593 1938 eb
603 1893 648 1940 isto
708 1935 713 1939 .

132 1955 241 2018 Magnus.
252 1957 346 2004 adorato
356 1955 471 2002 submittat
483 1953 576 2002 Crestre
586 1956 658 2016 signs.

133 2024 172 2068 An
180 2021 275 2068 similem
286 2021 362 2074 vestri,
374 2033 513 2082 segnemque
523 2019 552 2066 sd
560 2018 608 2066 feta
616 2018 720 2080 putatis?

134 2083 236 2146 Pompeii
246 2085 310 2134 vobis
321 2086 394 2132 minor
405 2089 446 2140 est,
458 2096 588 2143 caussaeque
598 2083 697 2140 senatus,

135 2146 210 2204 Qnim
221 2150 275 2198 mibi
286 2151 365 2198 mortis
375 2163 446 2198 arnor.
473 2148 601 2212 Simulbec
607 2144 695 2206 effatur,
706 2147 796 2196 etaloss

134 2211 252 2262 Caessress
261 2215 336 2276 pulvis
346 2219 442 2272 testatur
451 2213 530 2261 edesse
540 2214 656 2261 cobortes·⁴

85 2337 88 2346 Α
134 2277 241 2328 Dedecus
251 2280 288 2326 bic
297 2277 456 2340 belltMagno,
467 2279 597 2338 crimenque
606 2277 699 2333 reinisit,
795 2290 797 2293 ·

134 2341 172 2390 Ne
183 2342 255 2390 solum
267 2350 322 2392 totae
331 2342 437 2404 lugerent
446 2349 477 2398 te,
490 2343 576 2398 Scaern',
587 2347 698 2400 ceterum

134 2406 249 2466 Subducto
259 2409 298 2469 qui
308 2407 386 2456 Marte
396 2406 466 2465 ruis5·
475 2423 527 2456 nam
537 2409 647 2470 sunguine
656 2407 709 2455 fuso
746 2407 797 2456 250

126 2469 203 2520 tures
213 2477 291 2535 pugna'
301 2473 379 2521 dabntz
392 2473 510 2520 labmtem
520 2473 687 2521 tmba'suorum
717 2476 721 2486 ’

135 2535 235 2598 Excipis
245 2545 313 2598 atque
323 2538 421 2585 humeris
432 2537 544 2584 deiectum
554 2537 663 2598 inponere
671 2535 763 2598 gaudet.

136 2600 171 2648 Ao
182 2601 245 2650 velut
255 2601 478 2664 inclusum-perfosso
487 2604 512 2648 in
522 2607 614 2664 pectore
622 2605 716 2657 numen,

135 2664 168 2714 Et
178 2666 254 2717 vivum
264 2682 355 2732 magone
366 2668 463 2731 speciem
471 2665 569 2730 Virtutis
578 2667 688 2723 adorem
