1884 2950
165 131 198 176 rr
389 192 392 197 .
429 125 564 177 Lucam
642 165 645 169 ,

165 257 316 320 Servatosque
326 259 407 304 iterum
418 257 483 304 bellis
492 255 595 305 eivibbus
605 270 683 302 annos
769 269 774 276 ’

144 323 243 394 [Atque
253 324 339 386 aliquis,
350 337 434 385 magno
444 336 550 384 quarens
558 322 662 383 exempla
670 321 753 374 timori,

164 387 220 436 Non
232 390 294 444 elios,
305 389 384 450 inquit,
395 395 470 434 motus
482 395 539 433 tuac·
546 387 594 433 fata
602 388 717 449 parsitantv

165 451 226 504 Cum
234 461 286 516 post
295 453 434 502 Teutonicos
442 455 521 507 victor,
533 452 677 512 Libycosque
683 447 817 510 triumphos,

165 518 240 566 Exsul
250 517 331 566 limosi
341 519 431 566 Marius
442 526 509 580 caput
520 518 603 567 abdidit
612 514 672 562 ulti.
792 513 827 558 70
875 501 886 514 ’

165 584 252 646 Stagna
263 585 322 636 avidi
332 581 410 629 texere
422 583 469 637 soll,
481 584 584 643 laxeque
593 581 686 643 paludes

164 647 308 710 Depositum,
321 648 428 702 Fortuna,
439 655 519 694 tuum:
538 646 691 692 moxr'ioeula
699 643 755 690 ferri

164 711 271 761 Exedere
281 728 364 768 senem,
375 714 501 774 longusque
511 714 535 758 in
545 725 634 758 earoere
643 709 727 772 paedor.

164 772 259 834 Coruul
270 785 295 824 et
305 776 384 825 eversi
394 777 448 823 felin
459 779 581 823 moriturus
591 778 615 822 in
626 777 688 830 urbe,

164 842 249 890 Poenas
260 849 313 889 ante
323 844 388 889 dabat
399 843 515 898 scelerum.
539 840 606 887 Mors
616 842 667 902 ipsa
675 838 760 899 refugit
778 849 781 856 ’

165 908 232 969 Saepe
242 909 330 964 virum;
346 907 474 968 frustraque
485 907 544 953 boati
555 919 663 966 concessa
672 910 773 967 potem

127 975 128 978 ’
164 973 287 1035 Sanguinis
298 971 381 1028 invisi;
398 973 470 1033 primo
481 973 519 1033 qui
531 972 600 1018 eaedis
608 972 632 1016 in
643 971 690 1016 ictu

164 1033 274 1098 Diriguit,
285 1037 414 1097 ferrumque
425 1051 494 1082 manu
506 1043 608 1098 torpente
619 1035 719 1090 remisit3

164 1095 260 1149 Viderat
271 1103 395 1149 inmensam
407 1103 525 1148 tenebroso
535 1103 559 1146 in
570 1115 660 1146 carcere
670 1100 751 1152 lucem,

164 1165 329 1229 Terribilesque
340 1166 406 1213 Deos
417 1167 533 1220 scelerum,
549 1165 694 1224 Mariumque
703 1163 805 1211 futurum
816 1178 823 1205 z

164 1233 318 1293 Audieratque
328 1245 426 1293 pavana3
440 1230 485 1278 Fas
492 1233 540 1277 haee
549 1230 680 1291 contingere
687 1241 734 1274 non
741 1233 777 1274 est
793 1228 825 1271 81

166 1295 233 1346 Colla
243 1298 297 1343 tibiz
310 1297 375 1342 debet
385 1295 467 1342 multas
477 1297 513 1340 hio
524 1296 611 1358 legibus
623 1295 672 1349 aevi,

166 1361 229 1408 Ante
240 1377 310 1415 suem,
321 1368 419 1407 mortes:
438 1374 522 1406 vanum
533 1361 620 1421 depone
629 1359 735 1405 timorem.

166 1426 256 1478 silibet
266 1427 342 1473 ulcisci
353 1426 433 1471 deletae
443 1424 523 1471 lunera
532 1425 613 1487 gentis,

167 1490 245 1547 Hunc,
258 1489 350 1545 Cimbri,
363 1496 449 1538 servate
460 1505 544 1536 serrem.
569 1488 624 1535 Nou
635 1489 672 1535 dle
682 1487 761 1536 lavore

166 1554 279 1611 Numinis,
291 1557 377 1617 ingenti
389 1556 500 1617 Superhr
511 1561 625 1617 protectus
635 1554 662 1600 ab
671 1550 713 1608 iri,

145 1657 150 1674 ff
165 1619 210 1665 Vir
220 1620 287 1675 ferus,
299 1628 322 1667 et
334 1618 431 1667 Romam
442 1621 539 1682 cupienti
550 1620 642 1680 perdere
651 1618 698 1664 fato

144 1698 151 1724 τ
168 1684 298 1731 ὃιιέίὶοίεηε.η
316 1684 380 1731 Idem
391 1686 473 1746 pelago
483 1686 569 1731 deletus
580 1684 656 1743 iniquo

93 1805 96 1813 Ι
167 1748 282 1795 Hostilem
293 1750 416 1803 interram,
428 1751 548 1809 vacuisque
558 1748 681 1809 mapalibus
692 1752 761 1799 ectus,

927 1725 930 1806 h

167 1808 238 1861 Nuda'
248 1816 377 1875 triumphati
383 1816 456 1877 jacuit
464 1828 505 1875 per
516 1828 586 1873 regna
597 1812 725 1874 lugnole,
793 1812 830 1855 90
928 1809 929 1864 i

165 1879 200 1927 Et
213 1878 298 1926 Poenos
308 1880 389 1940 pressit
400 1880 492 1925 cineres
519 1878 605 1925 Solatia
614 1877 655 1923 fati

168 1943 293 2005 Karthago,
306 1944 437 2003 Mariusque
445 1944 509 1989 tulit:
528 1943 655 2005 pariterque
659 1942 763 2003 jacentes

167 2006 283 2120 {provere
294 2008 358 2063 Deis.
392 2006 490 2068 Libycas
500 2008 529 2053 ibi
539 2007 626 2069 colligit
635 2007 687 2059 iras,

193 2080 203 2119 t
213 2075 310 2134 primurn
320 2073 410 2119 fortuna
421 2073 491 2118 redit:
510 2072 600 2118 servibo
609 2068 678 2118 solvit

167 2138 282 2199 Agmina:
303 2138 400 2184 conflato
412 2152 484 2183 saevas
495 2136 609 2197 ergastula
618 2136 678 2181 ferro

168 2200 297 2250 Exserudre
308 2217 401 2249 manus:
421 2200 475 2247 nulli
487 2202 597 2264 gestanda
606 2200 715 2246 dabantur

169 2267 241 2329 Signa
251 2268 320 2321 ducis,
331 2268 375 2313 nisi
386 2267 423 2328 qui
435 2266 544 2313 scelerum
550 2268 599 2329 jam
609 2265 696 2311 fecerat
706 2277 780 2317 aaran,

168 2331 332 2393 Adtulerotque
343 2332 366 2378 in
378 2338 450 2379 castra
461 2331 530 2378 netas.
556 2328 672 2377 Prolata!
690 2329 741 2389 quis
751 2329 795 2383 ille,

169 2394 229 2449 Quis
240 2394 282 2442 fuit
293 2396 330 2443 ille
341 2397 394 2451 dies,
407 2396 496 2443 Marius
506 2412 551 2457 quo
562 2396 647 2446 moenia
656 2394 730 2440 victor

169 2458 305 2522 Conripuit?
322 2470 449 2523 quantoque
459 2462 532 2524 gradu
543 2476 604 2507 mors
614 2474 677 2507 saevs
686 2455 802 2505 cucurrit?

167 2524 281 2572 Nobiliter
293 2540 343 2573 oum
354 2526 419 2588 plebe
429 2527 502 2588 perit;
519 2523 610 2587 latdqrre
618 2529 717 2586 vagatur
783 2524 829 2569 101

167 2588 254 2647 Ensis3
272 2597 295 2638 et
305 2588 319 2638 d
329 2592 391 2639 nullo
401 2598 531 2638 revocatum
542 2598 577 2637 est
587 2596 679 2651 pertore
687 2586 780 2634 ferrum.

167 2652 219 2703 Stat
230 2670 296 2705 cruor
305 2656 443 2721 intemplis:
463 2654 579 2717 mrddque
589 2653 692 2706 rubentia
701 2651 765 2704 erade
787 2680 791 2688 ι

928 2307 930 2386 l

928 2423 929 2500 l
