1884 2950
282 107 334 156 AD
351 106 532 159 LUCANUM
549 107 603 158 Ins.
616 107 650 158 11.
773 115 821 162 235

149 235 201 286 uls
211 245 303 289 anans
315 237 383 294 Cato,
393 236 483 302 privati
493 253 539 287 non
548 240 650 288 conatus
658 237 697 295 iri,

150 303 199 352 Sed
209 305 282 366 patn'a
290 305 418 366 imperium,
429 311 453 352 et
463 305 593 352 communia
603 306 669 367 signa
680 312 773 354 secutus

149 367 240 416 Malitat
246 386 254 427 ;
271 370 361 434 injustis
371 370 408 415 hio
418 376 465 416 stat
477 369 580 416 Petreius
592 371 615 416 in
626 369 702 427 armis,
714 399 715 405 κ

149 433 243 482 Oblitus
252 433 312 490 fidei,
323 435 390 482 terris
400 449 467 494 quern
480 432 560 482 Caesar
571 433 642 482 Iberis

150 497 273 548 Donisset
281 499 345 556 vitri3
361 506 384 545 et
395 497 479 554 Varus,
491 500 526 546 cui
539 507 638 548 cesserat
647 502 722 548 omnis

149 563 238 620 Africa,
250 563 363 612 Romanis
374 579 426 624 quae
438 571 487 610 turn
498 565 539 610 sub
549 563 646 612 fascibus
657 571 725 620 esset,

150 629 230 683 Quam
242 630 328 677 ditione
337 635 419 691 potens
429 630 484 676 olim
497 627 613 691 Carthago
625 631 721 680 tenebat

151 693 263 742 Delectas
275 693 357 754 Libyae
368 700 460 748 turmas,
471 701 495 740 et
507 693 595 742 Punica
606 709 682 745 aecum

148 759 253 820 Agmina
262 759 358 806 ducebat
367 757 450 814 Varus,
460 759 549 806 falboia
559 760 633 814 eorda,

148 823 257 878 Mesnbra
265 823 342 870 leves:
362 825 434 871 nrbria
445 824 518 870 induti
529 825 628 872 vestibus
639 825 707 881 ibant,
753 863 755 868 .

148 887 186 935 Ut
194 887 272 937 fissum
282 890 307 936 in
317 889 376 936 bello
386 889 429 935 hac
439 889 539 936 celarent
550 897 598 936 arte
608 905 718 939 cruorem.

149 953 198 1002 Sub
209 951 274 1000 Varo
284 954 379 1016 populos
389 954 515 1000 sitientibus
526 955 588 1002 arida
598 955 662 1002 venis

149 1016 244 1079 Cyrene
253 1017 372 1079 Barceque
382 1034 436 1065 suos
447 1019 476 1064 ad
486 1019 564 1080 praelia
574 1020 674 1075 mittunt,

147 1083 254 1144 Quaeque
264 1083 329 1130 Afris
340 1083 428 1131 Siculos
439 1085 569 1144 permiscuit
580 1083 626 1132 AEa
637 1085 738 1135 colonas.

146 1145 250 1197 Tabraca
259 1150 369 1196 bellantes
379 1147 451 1209 Tyrio
462 1149 491 1194 de
502 1149 612 1209 sanguine
623 1155 709 1200 turmas

145 1211 230 1269 Mittit,
241 1220 266 1260 et
276 1213 368 1274 antiqui
379 1213 514 1260 Pboenieum
525 1215 593 1274 stirpe
604 1222 692 1262 creatos

145 1276 196 1325 Dat
206 1279 302 1340 populos
313 1279 406 1340 Libycis
416 1279 510 1326 dilectus
520 1280 610 1340 regibus
622 1278 715 1342 Hipp03
777 1315 779 1320 -

146 1343 225 1405 Atque
237 1343 313 1397 Utica,
325 1352 348 1399 et
359 1353 423 1390 tanto
434 1343 539 1406 Thapsus
547 1352 600 1405 post
609 1344 695 1405 inclyta
704 1343 770 1392 bello.

176 1407 280 1455 Advenit
290 1409 325 1455 his
336 1409 424 1470 Libyco
435 1425 515 1470 regum
526 1407 586 1457 Juba
596 1410 708 1460 maximus
718 1409 780 1466 orbe,
839 1421 841 1428 ·

145 1471 249 1537 Quijam
261 1473 369 1523 caesares
378 1476 455 1521 laetum
467 1476 496 1521 de
506 1476 569 1522 clade
580 1476 717 1538 triumphum
792 1488 795 1493 ’

144 1537 259 1594 Duxerat,
276 1540 355 1585 infelix
365 1540 446 1586 cecidit
456 1555 508 1586 oum
521 1539 592 1587 Curio
603 1540 680 1587 fraude

144 1602 277 1666 Deceptus:
296 1606 388 1651 domino
398 1605 517 1666 imperium
529 1620 574 1651 non
584 1604 651 1653 latius
663 1606 702 1653 ulli

144 1667 257 1731 Contigit.
290 1668 393 1717 Occiduo
404 1671 432 1717 de
443 1671 534 1718 cardine
544 1670 650 1718 terminat
660 1670 742 1717 Atlas:

143 1732 213 1781 Parte
221 1732 265 1781 alii
274 1734 357 1790 Thera,
368 1743 392 1781 et
402 1733 497 1782 confinis
509 1735 614 1796 Syrtibus
624 1734 734 1785 Ammon.

131 1808 132 1814 ’
144 1798 255 1860 Undique
264 1800 360 1849 diversae
371 1807 459 1862 gentes,
469 1801 591 1861 populique
602 1801 689 1855 remoti,

144 1862 293 1913 Conveniunt
303 1866 332 1912 ad
342 1867 409 1927 signa
418 1864 499 1922 Jubae:
517 1865 629 1927 fulgentia
639 1866 705 1927 signa
804 1882 807 1888 ·

142 1928 268 1983 Medorum
278 1928 370 1991 antiqui
380 1930 458 1978 Mauri
468 1930 497 1977 de
508 1930 577 1991 stirpe
587 1930 699 1977 tulerunt:

142 1993 221 2055 Atque
231 1994 317 2056 inopes,
328 1996 429 2055 quicum
440 1995 525 2042 mundo
537 1995 671 2041 commercia
682 1995 736 2042 solis

141 2056 275 2121 Naufragiis
286 2058 429 2107 Nasamones
439 2060 535 2107 babent:
556 2060 707 2116 Garamantes
714 2060 791 2122 iniquo

132 2124 190 2186 ,Sub
201 2124 261 2171 coelo
270 2125 346 2188 positi,
356 2126 444 2172 steriles
454 2126 493 2186 qui
504 2140 591 2187 semper
602 2140 687 2179 arenas,
790 2138 793 2145 ·

140 2188 292 2251 squalidaque
302 2200 357 2237 arva
366 2198 446 2238 teneat
456 2190 510 2238 solis
521 2190 628 2237 foecunda
637 2191 746 2247 venenis3

139 2252 246 2316 Cumque
253 2256 288 2302 his
299 2254 445 2303 Marmaridae
455 2256 555 2302 medicas
566 2270 634 2317 egere
644 2261 754 2312 catervas,

137 2318 275 2381 Serpentum
286 2334 375 2373 morsus
385 2327 454 2367 cantu
465 2320 636 2381 curareparati:
785 2370 789 2377 ,

138 2383 244 2432 Audaces
254 2383 370 2440 Numidae,
381 2393 405 2433 et
414 2384 538 2433 fraenorurtt
549 2385 626 2431 nescia
636 2384 702 2433 turba

136 2446 243 2509 Massyli,
253 2448 341 2498 levibus
351 2447 434 2498 ndrunt
444 2451 484 2512 qui
495 2448 587 2497 flectere
597 2450 669 2511 virgis
768 2464 771 2471 ·

135 2512 184 2561 Ora
194 2512 276 2563 ferocis
286 2516 337 2576 equi
343 2532 352 2574 ;
369 2517 522 2578 gregibusque
529 2520 621 2564 assueta
630 2514 729 2563 ferarum

136 2578 201 2627 Gens
213 2580 300 2636 Getula
308 2581 371 2629 viros
381 2582 458 2636 mittit,
468 2581 619 2643 quraominus
629 2580 675 2628 iras

134 2640 300 2718 indomitorum
308 2647 357 2695 ausi
368 2653 422 2719 sunt
432 2646 520 2696 irritare
530 2647 637 2713 leonum:
