1884 2950
303 144 513 198 PHARSALIAE
528 146 583 196 Lu.
594 147 626 196 V.
748 155 793 199 101

132 280 228 342 Aggere
238 277 319 341 dejaeit
328 278 410 340 pelagi,
422 278 461 325 sed
470 278 563 340 pomulit
570 279 638 333 unde

132 344 296 405 Scruposisque
306 350 404 405 anguste
413 350 496 390 vacent
505 344 542 389 ubi
551 343 619 390 litore
628 345 697 398 sexis,

132 408 239 471 Inposuit
247 415 328 455 terrae:
347 408 430 469 pariter
440 414 476 454 tnt
486 423 563 469 regne,
574 415 609 455 tot
620 410 693 463 urbes,

133 472 304 532 Fortunamque
315 486 385 526 suem,
396 470 457 518 tacti
467 472 554 526 tellure,
564 474 656 534 recepit.

134 538 181 585 seu
191 552 238 583 non
248 542 295 583 tem
306 548 409 583 remeans
421 534 554 599 Caeserjam
565 538 615 583 luce
625 537 750 599 propinqui

133 600 210 657 dem
222 599 290 647 taeitt
301 616 341 647 sua
351 608 425 648 eastre
433 600 496 663 fugi,
512 601 651 661 comitesque
661 602 750 649 fefellit
854 640 860 647 .

134 664 277 715 circumflua
288 665 338 713 duci
344 664 418 720 flevit,
426 668 568 729 gemitusque
580 681 680 721 suorum,
744 671 794 715 680

133 730 167 779 Et
178 745 226 776 non
235 731 336 791 ingratas
345 731 441 792 ingessit
450 732 516 777 turbe
524 731 634 791 querelas.

134 792 189 849 Qud
199 801 230 849 te,
241 794 303 849 dure,
311 794 362 840 tulit
372 796 444 841 virtus
454 796 578 849 temerarie,
590 792 686 843 Omnes?

134 858 185 909 Aut
195 873 248 920 qum
258 874 307 914 nos,
315 859 372 905 viles
383 860 475 913 animas,
486 860 510 905 in
520 859 567 906 ieta
577 859 712 919 relinquens,

135 922 220 971 Invitis
230 923 356 985 spargenda
365 923 478 971 dabastue
487 925 587 970 menrbre
596 924 718 985 procellis?

135 986 197 1036 Cum
207 994 243 1037 tot
252 989 276 1035 in
287 989 330 1035 hac
340 987 415 1035 enimi
424 988 558 1049 populorum
567 990 621 1042 vite,
632 988 736 1050 salusque

135 1052 246 1107 Pendeat,
257 1059 280 1098 et
290 1059 367 1099 tentus
377 1060 443 1113 ceput
454 1054 497 1099 hoc
507 1053 549 1099 eibi
558 1052 637 1099 feeerit
646 1054 713 1107 orbis,

128 1116 231 1164 &sitia
240 1124 281 1171 est,
292 1117 391 1165 voluisse
401 1118 466 1164 meri.
498 1116 611 1163 Nullusne
616 1124 707 1163 tuorum

74 1210 75 1213 =
134 1180 241 1229 Emeruit
252 1182 365 1235 comitum,
377 1180 427 1229 fetis
438 1198 484 1229 non
494 1197 562 1243 posse
571 1187 684 1242 superstes

135 1245 197 1293 Esse
207 1245 268 1291 tuis?
284 1260 337 1292 eum
347 1252 371 1293 te
380 1253 469 1309 reperet
479 1262 547 1300 mere,
564 1260 657 1306 corpora
667 1246 796 1307 segnis689

135 1309 225 1360 Nostra
232 1324 298 1371 sopor
307 1312 390 1357 tenuit:
404 1312 480 1371 pudet,
491 1310 548 1358 hesi!
560 1311 600 1357 tini
606 1312 795 1372 causeepmende

137 1373 199 1421 Haec
204 1374 385 1436 fuitHesperiae?
391 1376 465 1421 visum
469 1375 655 1429 estcommittere
661 1389 795 1437 quemquam

137 1437 198 1490 Tam
209 1454 277 1494 saevn,
290 1440 385 1496 crudele,
395 1438 470 1487 mni?
487 1454 537 1486 sors
546 1439 626 1486 ultima
635 1454 710 1490 rerum

137 1503 166 1551 In
178 1503 257 1550 dubins
268 1519 339 1558 nesus,
351 1511 375 1550 et
384 1518 455 1565 praue
464 1504 563 1566 pericula
572 1504 647 1559 morti,

138 1567 284 1629 Praeeipitsre
295 1569 364 1616 solet:
384 1569 514 1630 mundijnm
524 1583 613 1615 summe
622 1575 736 1616 tenemem

137 1631 272 1682 Permisisse
282 1632 351 1680 meri!
369 1639 457 1680 tantum
468 1633 522 1694 quid
532 1633 625 1679 numina
634 1633 724 1681 lessus?

138 1697 227 1744 Sufficit
239 1698 267 1744 ed
276 1697 346 1745 iatum
357 1697 409 1744 belli
419 1697 482 1744 labor
492 1698 542 1750 iste,
554 1697 663 1759 favorque

138 1760 255 1816 Fortunae,
267 1759 327 1822 quod
335 1767 360 1808 te
371 1763 454 1808 nostris
464 1762 552 1823 inpegit
562 1761 669 1810 harenis?

138 1825 203 1872 Hine
214 1839 268 1872 usus
278 1822 382 1886 placuere
390 1823 476 1880 Dedin,
488 1841 534 1872 nnn
545 1832 619 1872 rector
629 1833 655 1872 nt
665 1827 732 1879 orbis,

137 1889 190 1936 Nee
200 1891 305 1937 dominus
314 1905 395 1945 rernm,
407 1891 447 1938 sed
456 1889 511 1936 felix
521 1889 645 1952 neufrngus
652 1890 733 1938 uses?

138 1953 205 2002 Talia
209 1955 328 2016 jactantes,
339 1953 439 2002 discussi
449 1961 523 2008 noete,
534 1969 626 2002 serenus
750 1958 798 2002 700
821 1979 824 1998 ι

138 2017 257 2080 Obpressit
267 2033 318 2064 cum
329 2019 377 2065 sole
387 2019 441 2073 dies,
451 2018 580 2078 fessumque
589 2025 703 2066 tumentes
759 2044 762 2048 1

139 2081 276 2144 Composuit
284 2083 384 2144 pelagus,
395 2084 470 2130 ventis
480 2083 623 2144 patientibus,
633 2083 712 2130 undes.

163 2146 223 2194 ¹Nee
231 2163 277 2194 non
290 2145 403 2208 Hesperii,
409 2147 517 2194 lessetnm
527 2145 632 2194 fluctibus
642 2162 720 2206 aequnr

140 2210 176 2258 Ut
185 2208 270 2266 viddre,
281 2212 355 2266 duoes,
366 2225 492 2273 purumque
501 2213 619 2271 insurgere
628 2211 695 2266 eoelo,

139 2271 273 2324 Fraetmum
283 2275 384 2338 pelagus,
395 2275 493 2327 Borean.
503 2272 594 2322 solvere
603 2277 697 2330 carinas,

140 2339 205 2394 Ques
215 2345 304 2394 ventus,
315 2341 433 2401 doctaeque
443 2341 491 2401 pnn'
501 2340 653 2386 moderamine
663 2340 756 2395 dextrae

141 2402 270 2452 Permixtas
281 2402 378 2452 habudre
388 2403 441 2460 diu;
459 2405 574 2464 letumque
583 2419 625 2464 per
635 2420 719 2464 aequor,

141 2467 177 2514 Ut
187 2475 299 2524 terrestre,
311 2469 364 2523 coit,
375 2469 485 2516 consertis
495 2469 611 2529 puppdrus,
623 2482 713 2530 agmen.
761 2487 766 2497 ·

141 2531 187 2580 Sed
197 2547 244 2585 nox
256 2547 317 2578 saeva
327 2533 418 2580 modum
429 2532 492 2578 senti
502 2533 591 2591 udique
601 2538 704 2579 tenorem

139 2583 233 2658 diripuit
243 2597 324 2652 nautis,
335 2597 479 2656 excussitque
489 2596 567 2642 ordine
577 2609 670 2656 puppes.
753 2598 802 2641 710

140 2659 266 2723 Strymone
275 2661 308 2708 sie
318 2661 425 2724 gelidum,
436 2657 517 2707 brumis
525 2659 630 2721 pellente,
641 2660 770 2720 relinquunt
801 2691 806 2697 .

455 2737 472 2770 ι
482 2725 500 2768 ὅ
