1884 2950
349 371 525 441 LUCANI

241 555 636 644 PHARSALIA.

296 763 404 814 LIBER
428 765 592 822 QUINTUS.

106 972 149 1018 διο
160 971 248 1019 alterna
257 973 325 1020 duces
335 973 442 1021 bellorum
453 975 545 1023 vulnera
555 992 632 1037 passos

39 1079 41 1082 ,
106 1034 137 1084 In
150 1033 268 1084 Macetum
279 1044 355 1092 terras,
366 1038 463 1086 miscens
473 1040 566 1088 adversa
575 1043 684 1098 secundis,

107 1101 213 1148 Seruauit
224 1093 325 1148 Fortuna
375 1118 406 1150 es·
437 1102 489 1151 Jam
501 1114 609 1165 sparserat
621 1105 707 1155 Haemo

107 1165 196 1214 Bruma
206 1167 275 1220 nives,
286 1166 332 1226 geli
376 1183 404 1214 ue
415 1167 496 1215 cadens
505 1169 605 1216 Atlantis
616 1170 730 1234 Olymp05

108 1229 257 1290 Instabatque
267 1229 320 1285 dies,
332 1232 371 1292 qui
382 1232 419 1278 dat
429 1247 490 1283 nova
499 1234 590 1280 nomina
599 1233 669 1290 tastis,

109 1295 203 1355 Quique
213 1295 266 1342 colit
276 1295 360 1356 primus
371 1296 489 1342 ducentem
499 1304 600 1359 tempora
609 1297 699 1348 Janum.

108 1359 175 1408 Dum
186 1367 262 1406 tannen
272 1360 358 1406 emeriti
369 1368 467 1408 remanet
478 1377 528 1422 pars
539 1362 617 1408 ultima
622 1365 686 1426 Juris,

109 1423 200 1473 Consul
210 1431 303 1486 uterque
313 1439 384 1487 vagos
394 1425 445 1473 belli
455 1441 495 1487 per
506 1427 582 1473 munis
590 1425 669 1477 Patres

109 1488 182 1536 Elicit
193 1488 302 1552 Epirum:
321 1492 438 1551 peregrina
448 1506 474 1537 ac
484 1490 573 1538 sordida
582 1493 646 1539 sedes

108 1554 228 1601 Romanos
239 1554 297 1615 cepit
307 1569 425 1615 proceres;
441 1562 569 1616 sectusque
579 1571 652 1604 rerum
745 1566 775 1608 10

110 1616 206 1681 Hospes
213 1618 237 1664 in
247 1620 345 1666 externis
355 1619 439 1666 audivit
450 1620 511 1667 curia
521 1620 593 1667 tectis.

109 1681 174 1729 Nam
185 1684 236 1743 quis
245 1690 318 1730 castra
328 1691 394 1731 vocet
404 1691 438 1731 tot
448 1684 536 1731 strictas
542 1684 594 1745 jure
604 1701 700 1743 secures,

108 1744 159 1793 Tot
168 1746 258 1795 fasces?
275 1747 350 1794 docuit
359 1747 453 1811 populos
463 1748 594 1796 venerabilis
603 1750 658 1798 ordo

109 1810 169 1859 Nori
180 1810 263 1873 Magni
273 1819 353 1873 partes,
365 1814 405 1860 sed
415 1812 530 1875 Magnum
539 1814 564 1859 in
574 1815 672 1875 partibus
681 1832 738 1866 esse

145 1875 181 1921 Ut
190 1873 287 1937 primurn
297 1884 403 1925 moestum
410 1874 503 1925 tenuere
513 1878 600 1925 silentia
610 1886 701 1939 coetm

110 1939 225 1987 Lentulus
237 1936 250 1987 ὲ
261 1934 321 1987 celsi
331 1942 429 1989 sublimis
440 1942 493 1989 sede
503 1941 608 2004 profanu.

109 2004 194 2052 Indole
204 2007 223 2052 si
234 2004 326 2067 dignum
338 2004 410 2061 Lntiiu
427 2006 446 2054 si
457 2008 565 2068 sanguine
575 2008 648 2069 prisco

108 2069 192 2118 Robur
203 2070 261 2117 inest
271 2069 357 2125 animis,
368 2086 421 2125 non,
432 2070 477 2131 quit
486 2072 566 2119 tellure
576 2074 654 2129 coacti,

111 2134 235 2194 Quamque
245 2134 323 2197 procul
333 2136 398 2182 tectis
408 2142 480 2198 oaptae
491 2137 606 2184 sedeamus
616 2138 644 2183 ab
654 2138 720 2193 urbis,

110 2197 222 2247 Gemite:
242 2198 281 2247 sad
291 2206 373 2247 vestrae
383 2200 462 2247 faciem
473 2201 604 2263 cognuscite
614 2202 702 2259 turbae;
745 2208 778 2249 20

110 2262 247 2325 Cunctaque
253 2264 338 2327 jussuri
348 2265 444 2325 primum
455 2266 500 2313 hou
509 2266 627 2320 decernite,
639 2265 725 2322 Patres,

109 2328 183 2383 Quod
194 2328 270 2390 regnis
279 2328 409 2391 populisque
419 2330 495 2391 liquet,
506 2345 548 2379 nos
558 2345 608 2377 esse
619 2338 727 2379 senatum.

107 2390 182 2449 Nam,
193 2394 231 2441 vel
242 2390 397 2454 Hyperboreae
406 2394 529 2457 plaustrum
539 2394 634 2455 glaciale
643 2397 684 2443 sub
696 2396 771 2451 Uraae,

110 2456 161 2503 Vel
170 2458 237 2521 plaga
247 2454 291 2518 qui
301 2464 394 2513 torrens,
405 2460 537 2519 claususque
547 2461 665 2519 vaporibus
675 2461 731 2518 axis,

108 2520 165 2568 Nee
175 2522 259 2583 patitur
269 2529 353 2577 nodas,
364 2538 405 2571 nec
416 2523 504 2583 iniquos
514 2536 614 2569 crescere
623 2524 688 2579 soles,

111 2586 141 2633 Si
151 2585 241 2633 bunna
251 2585 314 2640 ferat.
326 2601 400 2635 rerum
411 2588 453 2633 no's
463 2600 551 2633 summa
561 2594 672 2646 sequetur,
772 2586 776 2591 '

110 2648 365 2715 Inperiumquecomes.'
395 2646 492 2713 Tarpeii
502 2649 555 2699 sede
564 2650 664 2713 perusti.
763 2710 766 2713 ἢ
