1884 2950
274 135 632 196 ruaaasnrnsnrru,
745 147 778 192 n
840 194 844 203 ,

117 271 210 318 Sedibus
221 269 315 331 expulsi,
332 275 449 330 postquem
460 283 527 315 cruor
536 269 613 317 omnia
623 270 683 332 rupit

116 335 220 388 Vincula,
229 342 366 396 procurrunt
377 333 448 390 oculi;
464 340 510 381 stat
519 334 604 380 lumine
614 343 678 397 rapto

115 402 246 454 Adtonitus,
259 400 383 460 mortisque
392 399 442 445 illas
452 406 516 459 punt
526 413 575 446 esce
585 401 695 448 tenebras.

113 467 154 520 At,
166 474 285 528 postquam
295 465 401 510 membris
411 465 483 510 sensit
492 471 596 511 constare
605 465 714 527 vigorem,

114 531 172 586 Vos,
183 531 220 583 sit,
233 527 247 578 ὃ
258 530 320 584 socii,
332 529 390 576 sicut
399 535 512 576 tomento
522 528 604 583 soletis,

113 595 159 642 Me
169 611 260 657 quoque
270 594 385 644 mittendis
396 601 482 640 rectum
493 595 621 655 componite
630 594 688 643 telis.
729 638 733 642 Α

112 661 199 723 Εςεςε,
211 660 272 720 quod
283 665 383 720 superest
393 659 481 711 snimae,
493 656 618 718 Tyrrheno,
628 674 669 722 per
678 670 756 712 omna

112 723 233 786 B'elloruru
244 739 324 772 cnuti
342 724 459 784 ingentem
470 723 548 770 militia
559 739 624 772 usum

112 791 171 838 Hoc
181 791 248 836 habet
258 805 287 836 ex
298 787 381 850 magud
391 788 520 836 defunctum
531 797 594 850 parte
604 789 710 838 cadaver:
730 792 779 842 lm

113 856 223 903 Viventis
234 851 315 900 feriere
324 854 382 900 loco.
410 853 448 900 sie
458 852 525 907 fatus,
535 855 560 900 in
570 855 659 907 hostem
756 871 759 878 ·

112 919 188 976 Coecd
198 921 244 969 tela
254 934 328 973 manu,
340 918 380 966 sad
390 931 435 964 non
446 925 522 965 tamen
532 917 604 974 inrito,
615 920 692 968 mittit.

109 985 209 1048 Excipit
220 984 367 1046 haeojurvenis
377 985 481 1045 generosi
491 984 607 1045 muguinis
617 984 703 1046 Argus,

112 1049 224 1112 Qudjam
236 1065 282 1096 non
290 1049 376 1098 medius
386 1049 500 1102 descernit
509 1049 533 1095 in
544 1049 581 1096 ilis
590 1057 681 1106 ventem
750 1098 754 1102 Α

111 1116 257 1178 Adjuvitque
268 1129 309 1160 suo
319 1114 466 1174 procumbens
476 1113 575 1174 pondere
584 1113 675 1160 ferrum.

146 1181 228 1232 Stabat
238 1176 327 1228 diversit
336 1179 403 1224 victae
409 1179 457 1240 jam
468 1185 531 1240 parte
542 1179 624 1231 carinae

111 1244 200 1292 Infelix
212 1244 271 1304 Argi
282 1243 372 1304 genitor
384 1244 440 1304 (non
451 1243 597 1304 illejuventae

109 1309 229 1370 Tempore
240 1307 358 1354 Phocaicis
368 1307 408 1353 ulli
418 1321 521 1353 cessurus
531 1308 555 1352 in
565 1307 646 1353 armis:

110 1374 211 1422 Vtetum
223 1388 273 1420 aevo
284 1372 363 1418 cecidit
374 1373 446 1426 robur,
462 1370 579 1432 fessmque
589 1370 686 1427 selecti,

110 1438 260 1501 Exemplum,
272 1452 318 1483 non
329 1436 392 1484 miles
403 1435 474 1497 emt);
486 1437 531 1497 qui,
541 1435 620 1484 funere
629 1438 686 1493 viso,
728 1437 778 1485 730

112 1506 183 1567 Saepe
194 1504 276 1550 cadens
285 1503 362 1563 longae
374 1503 447 1549 senior
457 1517 497 1563 per
508 1508 603 1548 transtro
613 1503 702 1558 carinae,
805 1555 808 1560 ¹

111 1569 226 1618 Pervenit
235 1568 264 1615 ad
273 1568 370 1629 puppim,
382 1568 534 1629 spirantesque
542 1567 629 1613 invenit
639 1574 707 1614 satus.

111 1634 171 1682 Non
182 1634 280 1679 lacrimae
292 1630 391 1678 cecidere
401 1633 472 1693 genis,
483 1646 529 1678 non
540 1639 630 1693 pectora
640 1632 719 1688 trmdrt,
728 1649 735 1669 .=

111 1698 231 1747 Distentis
242 1704 290 1743 toto
302 1698 370 1757 riguit
381 1697 419 1743 sed
430 1712 523 1758 corpore
532 1697 623 1757 palmis:
729 1694 733 1701 ’

111 1764 173 1811 Nox
185 1764 249 1816 subit,
262 1769 328 1821 atque
339 1762 415 1807 oculos
426 1768 496 1807 vsstae
507 1758 620 1807 obduxere
629 1762 734 1817 tenebrae,

110 1829 148 1877 Et
158 1828 266 1873 miserum
276 1823 369 1871 cernens
380 1841 503 1887 agnoscere
512 1827 593 1872 desinit
604 1825 702 1887 Argum.

111 1892 159 1941 Ille
170 1898 236 1953 caput
246 1892 329 1943 labens,
341 1891 417 1951 etjam
427 1891 559 1952 languentia
569 1891 627 1937 colla

111 1957 173 2005 Viso
183 1963 247 2019 patre
256 1956 329 2007 levat:
343 1970 389 2001 uox
398 1954 477 2006 lauces
485 1955 546 2001 nulla
556 1956 640 2003 solutas

112 2022 276 2081 Prosequitur:
295 2020 363 2066 tacito
374 2017 460 2066 tontum
472 2021 529 2081 petit
539 2020 615 2066 oscula
622 2019 694 2074 vultu,

113 2087 246 2145 Invitatque
256 2086 325 2146 patris
336 2085 458 2131 claudenda
468 2085 496 2132 ad
506 2085 591 2131 lumina
601 2085 710 2131 denham.
725 2085 776 2131 740

114 2152 152 2199 Ut
162 2158 252 2211 torpore
263 2164 333 2196 senex
342 2150 419 2203 caruit,
431 2151 535 2209 viresque
545 2157 651 2196 cruentus
833 2154 844 2163 '

114 2215 194 2278 Coepit
204 2216 284 2261 habere
295 2208 357 2261 dolor
366 2232 374 2271 ;
391 2212 446 2260 Non
456 2215 548 2275 perdam
558 2221 665 2276 tempora,
677 2214 739 2268 dixit,

113 2282 138 2329 A
150 2281 218 2327 saeris
228 2280 336 2341 permissa
346 2278 410 2333 Deis,
417 2279 568 2341 jugulumque
579 2279 670 2325 senilem

19 2374 21 2379 ·
115 2345 258 2395 confodiam.
291 2343 387 2391 Veniam
398 2346 481 2390 misero
491 2344 589 2391 concede
599 2344 691 2405 parenti,

17 2408 19 2461 i
116 2413 188 2473 Arge,
199 2407 260 2470 quod
270 2410 392 2471 amplexus,
404 2416 505 2457 extrema
515 2406 575 2468 quod
586 2410 662 2455 oscula
671 2408 729 2471 fugi,

113 2475 224 2525 Nondum
234 2474 335 2521 destituit
346 2474 429 2521 calidus
439 2482 479 2520 tua
488 2474 582 2521 vulnera
591 2475 697 2534 sanguis;

17 2540 18 2555 ¹
115 2539 301 2599 Semianimisque
307 2540 377 2601 Joces,
389 2547 412 2585 et
423 2539 495 2585 adhuc
504 2545 569 2599 potes
579 2554 630 2583 esse
641 2542 760 2599 superstes.

116 2606 153 2653 Sic
163 2604 229 2659 satus,
242 2604 344 2665 quamvis
355 2603 458 2665 capulum
468 2603 606 2663 perviscera
615 2602 678 2647 missi

116 2670 225 2718 Polluerit
235 2668 310 2732 gladii,
321 2676 396 2717 tamen
408 2668 452 2717 rto
462 2668 503 2715 sub
510 2677 600 2727 oequorn
609 2665 682 2714 tendit
