1884 2950
129 147 179 192 220
285 145 423 197 LUCANI
440 145 649 196 PHARSALIA.

132 265 232 324 Caesaris
243 277 356 334 Arsino&
374 293 426 340 quae
436 285 511 325 castra
521 279 620 325 carentia
630 293 692 340 rege,

133 339 169 387 Ut
178 342 254 402 proles
264 342 358 404 Lagea,
370 351 439 398 tenet,
450 343 605 404 famulumque
616 343 707 404 tyranni

131 403 266 454 Terribilem
273 409 338 470 msto
348 411 459 470 transegit
469 409 574 455 Achillea
584 409 652 456 ferro.
718 435 722 446 ι

131 470 219 526 Altera,
232 473 328 534 Magne,
339 473 385 520 tuis
390 475 440 536 jam
450 474 544 520 victims
554 474 653 521 mittitur
663 472 756 518 umbris.

132 534 185 582 Nec
196 539 251 584 satis
261 539 304 584 hoc
317 537 419 585 Fortuna
427 547 506 600 putat:
525 538 604 600 procul
613 539 677 593 absit,
688 545 715 584 ut
724 537 773 583 ista

132 600 248 650 Vindictae
259 605 289 650 sit
299 617 388 650 summa
398 604 457 652 tuae!
477 618 523 649 non
534 604 583 666 ipse
593 611 703 664 tyrannus
795 641 799 648 .

134 666 228 714 Subficit
236 670 260 714 in
270 683 357 730 poenas,
369 684 416 715 nnn
426 669 501 716 omnis
512 669 575 730 regia
586 667 655 730 Lagi.

133 730 198 780 Dum
209 734 275 795 patrii
286 735 379 780 veniant
389 734 413 780 in
423 735 511 780 viscera
523 731 624 782 Caesuris
635 748 708 787 enses,

132 795 237 858 Magnus
246 799 331 844 inultus
342 799 392 844 en't
425 799 471 846 Sed
483 814 536 853 non,
551 807 643 846 auctore
653 797 737 845 firroris

133 861 234 917 Sublato,
246 864 326 910 cecidit
337 864 419 921 rsbies3
436 879 489 910 num
501 879 578 910 rursus
587 864 612 910 in
622 877 688 910 mma
752 862 807 910 550

133 927 249 989 Auspiciis
261 929 403 989 Ganymedis
413 936 483 985 euut;
501 945 528 976 sc
538 929 610 976 multa
621 928 720 976 secundo

134 990 221 1038 Proelia
232 992 310 1040 Marte
319 1002 417 1056 gerunt:
436 995 512 1056 potuit
522 994 651 1042 discrimine
662 1008 752 1040 sumum

135 1055 235 1106 Caesaris
247 1073 291 1104 una
303 1059 350 1105 diss
361 1060 385 1105 in
395 1059 479 1106 samam
491 1067 514 1104 et
524 1059 600 1108 secula
611 1059 678 1106 mitti.

167 1121 241 1171 Molis
247 1123 271 1169 iu
281 1125 372 1186 exiguae
382 1126 456 1186 spatio
466 1125 600 1186 stipanu'bus
611 1125 685 1177 minis,

133 1185 200 1234 Dum
210 1197 276 1250 parat
285 1190 309 1235 in
319 1205 403 1235 vacuas
415 1189 516 1236 Martem
527 1188 649 1236 transferre
659 1187 748 1234 cannas

135 1251 193 1298 Dux
206 1251 293 1307 Latius,
303 1253 353 1301 totd
363 1255 450 1301 subitus
459 1253 579 1300 formidine
589 1254 641 1301 belli

134 1315 255 1380 Cingitur:
275 1319 328 1364 hinc
338 1319 416 1366 densae
425 1325 555 1380 praetexunt
565 1319 632 1365 litors
640 1318 731 1371 classes,

125 1381 198 1436 ‚Hinc
209 1391 276 1444 tergo
285 1383 395 1429 insultant
404 1384 504 1445 peditesz
523 1384 562 1430 via
571 1383 633 1430 uuila
643 1382 734 1430 saluum

133 1446 190 1494 Non
200 1446 263 1509 fuga,
275 1462 321 1494 non
332 1447 405 1496 virtus
413 1465 421 1506 ς
430 1450 471 1496 vix
478 1463 529 1511 spes
539 1463 631 1510 quoque
640 1447 720 1495 monis
730 1445 806 1494 hun&

134 1578 191 1626 Non
201 1579 250 1625 acie
260 1575 317 1632 fusi,
329 1594 371 1626 nec
382 1595 474 1641 maguae
485 1580 568 1641 stragis
578 1594 666 1633 acervo,
754 1578 807 1625 540

134 1644 268 1690 Vincendus
278 1651 334 1691 tunc
346 1642 426 1692 Cesar
436 1652 491 1699 erat,
504 1644 543 1691 sed
553 1645 665 1705 sanguine
675 1642 746 1691 nullu·

134 1707 222 1770 captus
233 1716 295 1755 sorte
305 1709 349 1755 loci
360 1710 449 1771 pendet,
460 1710 571 1757 dubiusne
578 1711 678 1763 timeret,

134 1774 260 1836 Optaretne
271 1774 344 1831 mori;
362 1775 461 1836 respexit
469 1778 495 1821 in
506 1776 597 1836 agmine
608 1774 679 1822 deusu

133 1840 245 1892 scevam,
256 1847 371 1901 perpetuae
382 1840 489 1887 meritum
491 1842 540 1902 Jsm
552 1838 720 1887 nominaremus

100 1906 104 1916 '
133 1905 173 1952 Ad
183 1918 282 1965 campos,
294 1902 428 1965 Epidamne,
439 1911 509 1961 tuos;
527 1905 565 1951 ubi
576 1904 638 1951 solua
648 1902 736 1965 apertis

133 1968 229 2018 Obsedit
239 1969 310 2017 muris
321 1969 445 2016 calcantem
456 1970 542 2017 mrenia
552 1970 675 2031 Magnum.

134 2167 181 2225 *s*
200 2163 254 2214 Hic
269 2163 357 2211 damst
376 2163 476 2211 Lucsur
494 2163 654 2222 Passum„
670 2176 729 2225 opst
739 2162 804 2211 sstsu

289 2227 453 2292 s'mperfestam
459 2233 531 2291 putta
542 2230 647 2293 reliquit.
